@online{darpa,
	title={The Heilmeier Catechism},
   author={DARPA},
   url={https://www.darpa.mil/work-with-us/heilmeier-catechism},
   year={2015}
 }
