@String { icml              = {International Conference on Machine Learning (ICML)} }
@String { iclr              = {International Conference on Learning Representations (ICLR)} }
@String { nips              = {Neural Information Processing Systems (NIPS)} }
@String { ijrr              = {International Journal of Robotics Research} }
@String { icra              = {{IEEE} International Conference on Robotics and Automation (ICRA)} }
@String { iros              = {{IEEE} International Conference on Intelligent Robots and Systems (IROS)} }
@String { tase              = {{IEEE} Transactions on Automation Science and Engineering } }
@String { jmlr              = {Journal of Machine Learning Research} }
@String { iclr              = {International Conference on Learning Representations (ICLR)} }
@String { uai               = {Uncertainty in Artificial Intelligence (UAI)} }
@String { tpami             = {IEEE Transactions on Pattern Analysis \& Machine Intelligence} }
@String { automatica        = {Automatica} }
@String { jfr               = {Journal of Field Robotics} }
@String { ar                = {Autonomous Robots} }
@String { ijcai             = {International Joint Conference on Artificial Intelligence (IJCAI)} }
@String { cvpr             = {{IEEE} Conference on Computer Vision and Pattern Recognition (CVPR)} }
@String { eccv             = {European Conference on Computer Vision (ECCV)} }
@String { aistats             = {Artificial Intelligence and Statistics (AISTATS)} }
@String { wafr               = {Workshop on the Algorithmic Foundations of Robotics (WAFR)} }

@article{crawshaw2020multi,
  title={Multi-Task Learning with Deep Neural Networks: A Survey},
  author={Crawshaw, Michael},
  journal={arXiv preprint arXiv:2009.09796},
  year={2020}
}

@inproceedings{alvar2019multi,
  title={Multi-task learning with compressible features for collaborative intelligence},
  author={Alvar, Saeed Ranjbar and Baji{\'c}, Ivan V},
  booktitle={2019 IEEE International Conference on Image Processing (ICIP)},
  pages={1705--1709},
  year={2019},
  organization={IEEE}
}

@inproceedings{hassibi1993optimal,
  title={Optimal brain surgeon and general network pruning},
  author={Hassibi, Babak and Stork, David G and Wolff, Gregory J},
  booktitle={IEEE international conference on neural networks},
  pages={293--299},
  year={1993},
  organization={IEEE}
}

@article{devlin2018bert,
  title={Bert: Pre-training of deep bidirectional transformers for language understanding},
  author={Devlin, Jacob and Chang, Ming-Wei and Lee, Kenton and Toutanova, Kristina},
  journal={arXiv preprint arXiv:1810.04805},
  year={2018}
}






@article{bajcsy1988active,
  title={Active perception},
  author={Ruzena Bajcsy},
  journal={Proceedings of the IEEE},
  year={1988}
}

@article{cheng2017survey,
  title={A survey of model compression and acceleration for deep neural networks},
  author={Cheng, Yu and Wang, Duo and Zhou, Pan and Zhang, Tao},
  journal={arXiv preprint arXiv:1710.09282},
  year={2017}
}

@misc{fetchrobotics, 
    title={Introducing the Fetch Cloud Robotics Platform}, 
    howpublished = "\url{https://fetchrobotics.com/products-technology/cloud-robotics-platform-for-warehouse-automation/}",
    journal={Fetch Robotics}, 
    publisher={Fetch Robotics},
    year={2019},
    note = "[Online; accessed 14-May.-2019]"
}

@article{bozcuouglu2018exchange,
  title={The exchange of knowledge using cloud robotics},
  author={Bozcuo{\u{g}}lu, Asil Kaan and Kazhoyan, Gayane and Furuta, Yuki and Stelter, Simon and Beetz, Michael and Okada, Kei and Inaba, Masayuki},
  journal={IEEE Robotics and Automation Letters},
  volume={3},
  number={2},
  pages={1072--1079},
  year={2018},
  publisher={IEEE}
}

@article{mohanarajah2015rapyuta,
  title={Rapyuta: A cloud robotics platform},
  author={Mohanarajah, Gajamohan and Hunziker, Dominique and D'Andrea, Raffaello and Waibel, Markus},
  journal={IEEE Transactions on Automation Science and Engineering},
  volume={12},
  number={2},
  pages={481--493},
  year={2015},
  publisher={IEEE}
}

@article{tanwani2019fog,
  title={A Fog Robotics Approach to Deep Robot Learning: Application to Object Recognition and Grasp Planning in Surface Decluttering},
  author={Tanwani, Ajay Kumar and Mor, Nitesh and Kubiatowicz, John and Gonzalez, Joseph E and Goldberg, Ken},
  journal={arXiv preprint arXiv:1903.09589},
  year={2019}
}


@article{chow2018lyapunov,
  title={A Lyapunov-based Approach to Safe Reinforcement Learning},
  author={Chow, Yinlam and Nachum, Ofir and Duenez-Guzman, Edgar and Ghavamzadeh, Mohammad},
  journal=nips,
  year={2018}
}

@inproceedings{achiam2017constrained,
  title={Constrained Policy Optimization},
  author={Achiam, Joshua and Held, David and Tamar, Aviv and Abbeel, Pieter},
  booktitle={International Conference on Machine Learning},
  pages={22--31},
  year={2017}
}

@book{altman1999constrained,
  title={Constrained Markov decision processes},
  author={Altman, Eitan},
  year={1999},
  publisher={CRC Press}
}

@article{hanDeepdrone,
  title={Deep Drone: Object Detection and Tracking for Smart Drones on Embedded System},
  author={Song Han, William Shen, Zuozhen Liu},
  journal={Stanford University CS231a Class Project Report},
  year={2016}
}


@article{wiredDrone,
  author={Rhett Allain},
  date={2018-01-23},
  title={The Physics of Why Bigger Drones can Fly Longer},
  journal={Wired Magazine},
  url={https://www.wired.com/story/the-physics-of-why-bigger-drones-can-fly-longer},
  urldate={2019-01-24},
}

@article{blundell2015weight,
  title={Weight uncertainty in neural networks},
  author={Blundell, Charles and Cornebise, Julien and Kavukcuoglu, Koray and Wierstra, Daan},
  journal=icml,
  year={2015}
}

@article{harrison2018meta,
  title={Meta-Learning Priors for Efficient Online Bayesian Regression},
  author={Harrison, James and Sharma, Apoorva and Pavone, Marco},
  journal=wafr,
  year={2018}
}

@article{gal2016dropout,
  title={Dropout as a Bayesian approximation: Representing model uncertainty in deep learning},
  author={Gal, Yarin and Ghahramani, Zoubin},
  journal=icml,
  year={2016}
}

@Book{Camacho2013,
  Title                    = {Model predictive control},
  Author                   = {Camacho, Eduardo F and Alba, Carlos Bordons},
  Publisher                = {Springer Science \& Business Media},
  Year                     = {2013},

  Owner                    = {Roberto Calandra},
  Timestamp                = {2016.03.30}
}

@article{duan2016rl,
  title={RL$^{2}$: Fast Reinforcement Learning via Slow Reinforcement Learning},
  author={Duan, Yan and Schulman, John and Chen, Xi and Bartlett, Peter L and Sutskever, Ilya and Abbeel, Pieter},
  journal={arXiv:1611.02779},
  year={2016}
}

@article{wu2013cloud,
  title={Cloud-based networked visual servo control},
  author={Wu, Haiyan and Lou, Lei and Chen, Chih-Chung and Hirche, Sandra and Kuhnlenz, Kolja},
  journal={IEEE Transactions on Industrial Electronics},
  year={2013}
}

@article{salmeron2015tradeoff,
  title={A tradeoff analysis of a cloud-based robot navigation assistant using stereo image processing},
  author={Salmer{\'o}n-Garc{\i}, Javier and {\'I}{\~n}igo-Blasco, Pablo and D{\i}, Fernando and Cagigas-Muniz, Daniel and others},
  journal={IEEE Transactions on Automation Science and Engineering},
  volume={12},
  number={2},
  pages={444--454},
  year={2015},
  publisher={IEEE}
}

@article{riazuelo2014c2tam,
  title={C2tam: A cloud framework for cooperative tracking and mapping},
  author={Riazuelo, Luis and Civera, Javier and Montiel, JM Mart{\'\i}nez},
  journal={Robotics and Autonomous Systems},
  volume={62},
  number={4},
  pages={401--413},
  year={2014},
  publisher={Elsevier}
}

@article{sugiura2015rospeex,
  title={Rospeex: A cloud robotics platform for human-robot spoken dialogues},
  author={Sugiura, Komei and Zettsu, Koji},
  journal=iros,
  year={2015}
}

@article{mohanarajah2015cloud,
  title={Cloud-based collaborative 3D mapping in real-time with low-cost robots},
  author={Mohanarajah, Gajamohan and Usenko, Vladyslav and Singh, Mayank and D'Andrea, Raffaello and Waibel, Markus},
  journal=tase,
  year={2015}
}

@article{rahman2016cloud,
  title={A cloud robotics framework of optimal task offloading for smart city applications},
  author={Rahman, Akhlaqur and Jin, Jiong and Cricenti, Antonio and Rahman, Ashfaqur and Yuan, Dong},
  journal={IEEE Global Communications Conference (GLOBECOM)},
  year={2016}
}

@article{lin2014microsoft,
  title={Microsoft coco: Common objects in context},
  author={Lin, Tsung-Yi and Maire, Michael and Belongie, Serge and Hays, James and Perona, Pietro and Ramanan, Deva and Doll{\'a}r, Piotr and Zitnick, C Lawrence},
  journal=eccv,
  year={2014}
}

@article{wiredStarsky,
  author={Aarian Marshall},
  date={2018-03-08},
  title={Starsky Robotics Unleashes its Truly Driverless Truck in Florida},
  journal={Wired Magazine},
  url={https://www.wired.com/story/starsky-robotics-truck-self-driving-florida-test},
  urldate={2019-01-24},
}

@article{jain2015planit,
  title={Planit: A crowdsourcing approach for learning to plan paths from large scale preference feedback},
  author={Jain, Ashesh and Das, Debarghya and Gupta, Jayesh K and Saxena, Ashutosh},
  journal=icra,
  year={2015},
}

@article{higuera2012socially,
  title={Socially-driven collective path planning for robot missions},
  author={Higuera, Juan Camilo Gamboa and Xu, Anqi and Shkurti, Florian and Dudek, Gregory},
  journal={IEEE Conference on Computer and Robot Vision},
  year={2012}
}

@article{sunderhauf2018limits,
  title={The limits and potentials of deep learning for robotics},
  author={S{\"u}nderhauf, Niko and Brock, Oliver and Scheirer, Walter and Hadsell, Raia and Fox, Dieter and Leitner, J{\"u}rgen and Upcroft, Ben and Abbeel, Pieter and Burgard, Wolfram and Milford, Michael and others},
  journal={The International Journal of Robotics Research},
  year={2018}
}


@book{puterman2014markov,
  title={Markov decision processes: discrete stochastic dynamic programming},
  author={Puterman, Martin L},
  year={2014},
  publisher={John Wiley \& Sons}
}

@misc{amazon, 
    title={What Is AWS RoboMaker?}, 
    howpublished = "\url{https://docs.aws.amazon.com/robomaker/latest/dg/what-is-robomaker.html/}", 
    journal={Amazon}, 
    publisher={Amazon},
    year={2019},
    note = "[Online; accessed 02-Jan.-2019]"
} 

@misc{alexadebacle, 
    title={Amazon Alexa crashes After Christmas Day Overload}, 
    howpublished = "\url{https://www.theguardian.com/technology/2018/dec/26/amazon-alexa-echo-crashes-christmas-day-overload}",
    author={Sarah Marsh}, 
    journal={The Guardian}, 
    publisher={The Guardian},
    year={2018},
    note = "[Online; accessed 20-Jan.-2019]"
} 


@inproceedings{mao2017neural,
  title={Neural adaptive video streaming with pensieve},
  author={Mao, Hongzi and Netravali, Ravi and Alizadeh, Mohammad},
  booktitle={Proceedings of the Conference of the ACM Special Interest Group on Data Communication},
  pages={197--210},
  year={2017},
  organization={ACM}
}

@inproceedings{commutewifi,
 author = {Riiser, Haakon and Vigmostad, Paul and Griwodz, Carsten and Halvorsen, P{\aa}l},
 title = {Commute Path Bandwidth Traces from 3G Networks: Analysis and Applications},
 booktitle = {Proceedings of the 4th ACM Multimedia Systems Conference},
 series = {MMSys '13},
 year = {2013},
 isbn = {978-1-4503-1894-5},
 location = {Oslo, Norway},
 pages = {114--118},
 numpages = {5},
 acmid = {2483991},
 publisher = {ACM},
 address = {New York, NY, USA},
 keywords = {3G, adaptive streaming, bandwidth traces, bitrate adaption, fluctuating bandwidth, mobile internet, wireless},
} 


@misc{bitrate,
	author = {Youtube},
	title = {Youtube: Recommended upload encoding settings},
	howpublished = "{\url{https://support.google.com/youtube/answer/1722171?hl=en}}"
}

@article{mahlerdex,
  title={Dex-Net 2.0: Deep Learning to Plan Robust Grasps with Synthetic Point Clouds and Analytic Grasp Metrics},
  author={Mahler, Jeffrey and Liang, Jacky and Niyaz, Sherdil and Laskey, Michael and Doan, Richard and Liu, Xinyu and Ojea, Juan Aparicio and Goldberg, Ken}
}

@misc{goldbergwebsite, 
    title={Cloud Robotics and Automation}, 
    howpublished = "\url{http://goldberg.berkeley.edu/cloud-robotics/}",
    journal={Ken Goldberg UC Berkeley Website}, 
    year={2019},
    note = "[Online; accessed 02-Jan.-2019]"
} 


@misc{ankiforbes, 
    title={The New Robot Kickstarter by Anki Is Powered By Qualcomm},
    howpublished = "\url{https://www.forbes.com/sites/tiriasresearch/2018/08/10/the-new-robot-kickstarter-by-anki-is-powered-by-qualcomm/#409bd46275e3/}",
    publisher={Forbes},
    year={2019},
    note = "[Online; accessed 02-Jan.-2019]"
} 

@misc{google, 
    title={Cloud Robotics}, 
    howpublished = "\url{https://cloud.google.com/cloud-robotics/}",
    journal={Google}, 
    publisher={Google},
    year={2019},
    note = "[Online; accessed 02-Jan.-2019]"
} 

@article{kuffner2010cloud,
  title={Cloud-enabled robots In: IEEE-RAS international conference on humanoid robots},
  author={Kuffner, J},
  journal={Piscataway, NJ: IEEE},
  year={2010}
}

@article{kehoe2015survey,
  title={A survey of research on cloud robotics and automation.},
  author={Kehoe, Ben and Patil, Sachin and Abbeel, Pieter and Goldberg, Ken},
  journal={IEEE Trans. Automation Science and Engineering},
  volume={12},
  number={2},
  pages={398--409},
  year={2015}
}

@inproceedings{kehoe2013cloud,
  title={Cloud-based robot grasping with the google object recognition engine},
  author={Kehoe, Ben and Matsukawa, Akihiro and Candido, Sal and Kuffner, James and Goldberg, Ken},
  booktitle={Robotics and Automation (ICRA), 2013 IEEE International Conference on},
  pages={4263--4270},
  year={2013},
  organization={IEEE}
}

@article{goldberg2013cloud,
  title={Cloud robotics and automation: A survey of related work},
  author={Goldberg, Ken and Kehoe, Ben},
  journal={EECS Department, University of California, Berkeley, Tech. Rep. UCB/EECS-2013-5},
  year={2013}
}


@ARTICLE{cloudStatus, 
author={J. Wan and S. Tang and H. Yan and D. Li and S. Wang and A. V. Vasilakos}, 
journal={IEEE Access}, 
title={Cloud robotics: Current status and open issues}, 
year={2016}, 
volume={4}, 
number={}, 
pages={2797-2807}, 
keywords={Cloud computing;Big data;Open source code;Service robots;Internet of things;Multi-robot systems;Energy efficiency;Real-time systems;cloud computing;big data;open source;cloud robotics;internet of things;Cloud computing;big data;open source;cloud robotics;internet of things}, 
ISSN={2169-3536}, 
month={},}

@inproceedings{schroff2015facenet,
  title={Facenet: A unified embedding for face recognition and clustering},
  author={Schroff, Florian and Kalenichenko, Dmitry and Philbin, James},
  booktitle={Proceedings of the IEEE conference on computer vision and pattern recognition},
  pages={815--823},
  year={2015}
}

@techreport{openface,
  title={OpenFace: A general-purpose face recognition
    library with mobile applications},
  author={Amos, Brandon and Bartosz Ludwiczuk and Satyanarayanan, Mahadev},
  year={2016},
  institution={CMU-CS-16-118, CMU School of Computer Science},
}

@article{videoencoding,
  title={The H. 264 video coding standard},
  author={Kalva, Hari},
  journal={IEEE multimedia},
  volume={13},
  number={4},
  pages={86--90},
  year={2006},
  publisher={IEEE}
}

@misc{krzanich2016data,
  title={Data is the New Oil in the Future of Automated Driving},
  author={Krzanich, B},
  year={2016},
  publisher={Nov}
}

@misc{intel, 
    title={Data is the New Oil in the Future of Automated Driving},
    title={Cloud Robotics}, 
    howpublished =
    "\url{https://newsroom.intel.com/editorials/krzanich-the-future-of-automated-driving/\#gs.LoDUaZ4b}",
    publisher={Intel},
    year={2016},
    note = "[Online; accessed 30-Jan.-2019]"
} 

@misc{ROSate, 
    title={ROS ate my network bandwidth!},
    howpublished =
    "\url{https://answers.ros.org/question/256080/ros-ate-my-network-bandwidth/}",
    publisher={ROS Answers},
    year={2017},
    note = "[Online; accessed 31-Jan.-2019]"
} 

@article{tian2018fog,
  title={A fog robotic system for dynamic visual servoing},
  author={Tian, Nan and Chen, Jinfa and Ma, Mas and Zhang, Robert and Huang, Bill and Goldberg, Ken and Sojoudi, Somayeh},
  journal={arXiv preprint arXiv:1809.06716},
  year={2018}
}

@misc{pcloudsize, 
    title={What is the actual size of point cloud from a kinect.},
    howpublished =
    "\url{https://answers.ros.org/question/9922/what-is-the-actual-size-of-point-cloud-from-a-kinect/}",
    publisher={ROS Answers},
    year={2016},
    note = "[Online; accessed 31-Jan.-2019]"
} 


@misc{verizon, 
    title={4G LTE speeds vs. your home network},
    howpublished =
    "\url{
    https://www.verizonwireless.com/articles/4g-lte-speeds-vs-your-home-network/}",
    publisher={Verizon},
    year={2013},
    note = "[Online; accessed 31-Jan.-2019]"
} 

@article{bauer2010understanding,
  title={Understanding broadband speed measurements},
  author={Bauer, Steven and Clark, David and Lehr, William},
  year={2010}
}

@book{TCP,
  title={TCP/IP protocol suite},
  author={Forouzan, Behrouz A and Fegan, Sophia Chung},
  year={2002},
  publisher={McGraw-Hill Higher Education}
}

https://github.com/NVIDIA-AI-IOT/tf_trt_models

@misc{TFTRT, 
    title={TensorFlow/TensorRT Models on Jetson},
    howpublished =
    "\url{TensorFlow/TensorRT Models on Jetson}",
    author={NVIDIA},
    publisher={NVIDIA-AI-IOT},
    year={2018},
    note = "[Online; accessed 31-Jan.-2019]"
} 

@article{padhye,
  title={A stochastic model of tcp reno congestion avoidence and control},
  author={Padhye, Jitendra and Firoiu, Victor and Towsley, Don},
  year={1999},
  publisher={University of Massachusetts}
}

@misc{lifewirewifi, 
    title={Learn Exactly How Fast a Wi-Fi Network Can Move},
    howpublished =
    "\url{https://www.lifewire.com/how-fast-is-a-wifi-network-816543}",
    author={Mitchell,Bradley},
    publisher={lifewire},
    year={2018},
    note = "[Online; accessed 31-Jan.-2019]"
} 

@article{verma2013wifi,
  title={Wifi on steroids: 802.11 ac and 802.11 ad},
  author={Verma, Lochan and Fakharzadeh, Mohammad and Choi, Sunghyun},
  journal={IEEE Wireless Communications},
  volume={20},
  number={6},
  pages={30--35},
  year={2013},
  publisher={IEEE}
}


@inproceedings{ROS,
  title={ROS: an open-source Robot Operating System},
  author={Quigley, Morgan and Conley, Ken and Gerkey, Brian and Faust, Josh and Foote, Tully and Leibs, Jeremy and Wheeler, Rob and Ng, Andrew Y},
  booktitle={ICRA workshop on open source software},
  volume={3},
  number={3.2},
  pages={5},
  year={2009},
  organization={Kobe, Japan}
}

@inproceedings{mnih2016asynchronous,
  title={Asynchronous methods for deep reinforcement learning},
  author={Mnih, Volodymyr and Badia, Adria Puigdomenech and Mirza, Mehdi and Graves, Alex and Lillicrap, Timothy and Harley, Tim and Silver, David and Kavukcuoglu, Koray},
  booktitle={International Conference on Machine Learning},
  pages={1928--1937},
  year={2016}
}

@article{hochreiter1997long,
  title={Long short-term memory},
  author={Hochreiter, Sepp and Schmidhuber, J{\"u}rgen},
  journal={Neural computation},
  volume={9},
  number={8},
  pages={1735--1780},
  year={1997},
  publisher={MIT Press}
}

@article{saxe2013exact,
  title={Exact solutions to the nonlinear dynamics of learning in deep linear neural networks},
  author={Saxe, Andrew M and McClelland, James L and Ganguli, Surya},
  journal={arXiv preprint arXiv:1312.6120},
  year={2013}
}

@ARTICLE{LinkForecast, 
author={C. Yue and R. Jin and K. Suh and Y. Qin and B. Wang and W. Wei}, 
journal={IEEE Transactions on Mobile Computing}, 
title={LinkForecast: Cellular Link Bandwidth Prediction in LTE Networks}, 
year={2018}, 
pages={1582-1594}, 
keywords={application program interfaces;cellular radio;learning (artificial intelligence);Long Term Evolution;operating systems (computers);protocols;telecommunication computing;extensive measurement study;commercial LTE networks;lower-layer information;prediction framework;LinkForecast;average prediction error;prediction performance;lower-layer features;upper-layer protocols;cellular link bandwidth prediction;machine learning based prediction framework;APIs;operating system;commercial off-the-shelf mobile devices;Bandwidth;Long Term Evolution;Throughput;Cellular networks;Real-time systems;Correlation;Protocols;Cellular networks;cellular link bandwidth prediction;network measurement;machine learning}, 
doi={10.1109/TMC.2017.2756937}, 
ISSN={1536-1233}, 
month={July},}

@inproceedings{norwaytraces,
  title={Commute path bandwidth traces from 3G networks: analysis and applications},
  author={Riiser, Haakon and Vigmostad, Paul and Griwodz, Carsten and Halvorsen, P{\aa}l},
  booktitle={Proceedings of the 4th ACM Multimedia Systems Conference},
  pages={114--118},
  year={2013},
  organization={ACM}
}

@article{castelluccio2015land,
  title={Land use classification in remote sensing images by convolutional neural networks},
  author={Castelluccio, Marco and Poggi, Giovanni and Sansone, Carlo and Verdoliva, Luisa},
  journal={arXiv preprint arXiv:1508.00092},
  year={2015}
}

@article{lecun2015deep,
  title={Deep learning},
  author={LeCun, Yann and Bengio, Yoshua and Hinton, Geoffrey},
  journal={nature},
  volume={521},
  number={7553},
  pages={436},
  year={2015},
  publisher={Nature Publishing Group}
}

@article{LSTM,
  title={Long short-term memory},
  author={Hochreiter, Sepp and Schmidhuber, J{\"u}rgen},
  journal={Neural computation},
  volume={9},
  number={8},
  pages={1735--1780},
  year={1997},
  publisher={MIT Press}
}


@online{FCC,
  author={Margeurite Reardon},
  title={FCC rakes in 45 billion from wireless spectrum auction},
  url={https://www.cnet.com/news/fcc-rakes-in-45-billion-from-wireless-spectrum-auction},
  year={2015}
}


@inproceedings{goller1996learning,
  title={Learning task-dependent distributed representations by backpropagation through structure},
  author={Goller, Christoph and Kuchler, Andreas},
  booktitle={Neural Networks, 1996., IEEE International Conference on},
  volume={1},
  pages={347--352},
  year={1996},
  organization={IEEE}
}

@book{makridakis2008forecasting,
  title={Forecasting methods and applications},
  author={Makridakis, Spyros and Wheelwright, Steven C and Hyndman, Rob J},
  year={2008},
  publisher={John Wiley \& Sons}
}

%%%%wireless network application%%%%

%%%% self-driving %%%%
@inproceedings{gerla2014internet,
  title={Internet of vehicles: From intelligent grid to autonomous cars and vehicular clouds},
  author={Gerla, Mario and Lee, Eun-Kyu and Pau, Giovanni and Lee, Uichin},
  booktitle={Internet of Things (WF-IoT), 2014 IEEE World Forum on},
  pages={241--246},
  year={2014},
  organization={IEEE}
}

%%%% drone %%%%
@article{sundqvist2015cellular,
  title={Cellular Controlled Drone Experiment: Evaluation of Network Requirements},
  author={Sundqvist, Lassi and others},
  year={2015}
}

%%%% smart grid %%%%
@inproceedings{parikh2010opportunities,
  title={Opportunities and challenges of wireless communication technologies for smart grid applications},
  author={Parikh, Palak P and Kanabar, Mitalkumar G and Sidhu, Tarlochan S},
  booktitle={Power and Energy Society General Meeting, 2010 IEEE},
  pages={1--7},
  year={2010},
  organization={IEEE}
}

%%%% high quality video%%%%

@inproceedings{mcdonagh2011quality,
  title={Quality-oriented scalable video delivery using H. 264 SVC on an LTE network},
  author={McDonagh, Patrick and Vallati, Carlo and Pande, Amit and Mohapatra, Prasant and Perry, Philip and Mingozzi, Enzo},
  booktitle={Proc. WPMC},
  year={2011}
}

%%%% scheduling%%%%%%
@inproceedings{yu2007packet,
  title={Packet scheduling in broadband wireless networks using neuro-dynamic programming},
  author={Yu, Rong and Sun, Zhi and Mei, Shunliang},
  booktitle={Vehicular Technology Conference, 2007. VTC2007-Spring. IEEE 65th},
  pages={2776--2780},
  year={2007},
  organization={IEEE}
}
%%%QoS provisioning%%%%
@article{yu2008new,
  title={A new QoS provisioning method for adaptive multimedia in wireless networks},
  author={Yu, F Richard and Wong, Vincent WS and Leung, Victor CM},
  journal={IEEE Transactions on Vehicular Technology},
  volume={57},
  number={3},
  pages={1899--1909},
  year={2008},
  publisher={IEEE}
}
%%%admission control%%%%
@article{martinez2008optimal,
  title={Optimal admission control in multimedia mobile networks with handover prediction},
  author={Martinez-Bauset, Jorge and Gimenez-Guzman, Jose Manuel and Pla, Vicent},
  journal={IEEE Wireless Communications},
  volume={15},
  number={5},
  pages={38--44},
  year={2008},
  publisher={IEEE}
}
%%%joint radio resource management%%%
@article{giupponi2008novel,
  title={A novel approach for joint radio resource management based on fuzzy neural methodology},
  author={Giupponi, Lorenza and Agusti, Ramon and Perez-Romero, Jordi and Roig, Oriol Sallent},
  journal={IEEE Transactions on Vehicular Technology},
  volume={57},
  number={3},
  pages={1789--1805},
  year={2008},
  publisher={IEEE}
}
%%%%time series application %%%%%
@inproceedings{tesauro2006hybrid,
  title={A hybrid reinforcement learning approach to autonomic resource allocation},
  author={Tesauro, Gerald and Jong, Nicholas K and Das, Rajarshi and Bennani, Mohamed N},
  booktitle={Autonomic Computing, 2006. ICAC'06. IEEE International Conference on},
  pages={65--73},
  year={2006},
  organization={IEEE}
}
@inproceedings{tesauro2007managing,
  title={Managing Power Consumption and Performance of Computing Systems Using Reinforcement Learning.},
  author={Tesauro, Gerald and Das, Rajarshi and Chan, Hoi and Kephart, Jeffrey O and Levine, David and Rawson III, Freeman L and Lefurgy, Charles},
  booktitle={NIPS},
  volume={7},
  pages={1--8},
  year={2007}
}

@article{concrete,
  author    = {Dario Amodei and
               Chris Olah and
               Jacob Steinhardt and
               Paul Christiano and
               John Schulman and
               Dan Man{\'{e}}},
  title     = {Concrete Problems in {AI} Safety},
  journal   = {CoRR},
  volume    = {abs/1606.06565},
  year      = {2016},
  url       = {http://arxiv.org/abs/1606.06565},
  timestamp = {Fri, 01 Jul 2016 17:39:49 +0200},
  biburl    = {http://dblp.uni-trier.de/rec/bib/journals/corr/AmodeiOSCSM16},
  bibsource = {dblp computer science bibliography, http://dblp.org}
}


@inproceedings{cassandra2016learning,
  title={Learning policies for partially observable environments: Scaling up},
  author={Cassandra, Anthony R and Kaelbling, Leslie Pack},
  booktitle={Machine Learning Proceedings 1995: Proceedings of the Twelfth International Conference on Machine Learning, Tahoe City, California, July 9-12 1995},
  pages={362},
  year={2016},
  organization={Morgan Kaufmann}
}



@article{bhorkar2012adaptive,
  title={Adaptive opportunistic routing for wireless ad hoc networks},
  author={Bhorkar, Abhijeet A and Naghshvar, Mohammad and Javidi, Tara and Rao, Bhaskar D},
  journal={IEEE/ACM Transactions On Networking},
  volume={20},
  number={1},
  pages={243--256},
  year={2012},
  publisher={IEEE}
}

@inproceedings{jianlin2009rl,
  title={RL-based superframe order adaptation algorithm for IEEE 802.15. 4 networks},
  author={Jianlin, Mao and Fenghong, Xiang and Hua, Lai},
  booktitle={Control and Decision Conference, 2009. CCDC'09. Chinese},
  pages={4708--4711},
  year={2009},
  organization={IEEE}
}

@inproceedings{yu2007packet,
  title={Packet scheduling in broadband wireless networks using neuro-dynamic programming},
  author={Yu, Rong and Sun, Zhi and Mei, Shunliang},
  booktitle={Vehicular Technology Conference, 2007. VTC2007-Spring. IEEE 65th},
  pages={2776--2780},
  year={2007},
  organization={IEEE}
}

@article{vengerov2005fuzzy,
  title={A fuzzy reinforcement learning approach to power control in wireless transmitters},
  author={Vengerov, David and Bambos, Nicholas and Berenji, Hamid R},
  journal={IEEE Transactions on Systems, Man, and Cybernetics, Part B (Cybernetics)},
  volume={35},
  number={4},
  pages={768--778},
  year={2005},
  publisher={IEEE}
}


@article{benbrahim1997biped,
  title={Biped dynamic walking using reinforcement learning},
  author={Benbrahim, Hamid and Franklin, Judy A},
  journal={Robotics and Autonomous Systems},
  volume={22},
  number={3-4},
  pages={283--302},
  year={1997},
  publisher={Elsevier}
}

@article{mnih2013playing,
  title={Playing atari with deep reinforcement learning},
  author={Mnih, Volodymyr and Kavukcuoglu, Koray and Silver, David and Graves, Alex and Antonoglou, Ioannis and Wierstra, Daan and Riedmiller, Martin},
  journal={arXiv preprint arXiv:1312.5602},
  year={2013}
}

@inproceedings{abadi2016tensorflow,
  title={TensorFlow: A system for large-scale machine learning},
  author={Abadi, Mart{\'\i}n and Barham, Paul and Chen, Jianmin and Chen, Zhifeng and Davis, Andy and Dean, Jeffrey and Devin, Matthieu and Ghemawat, Sanjay and Irving, Geoffrey and Isard, Michael and others},
  booktitle={Proceedings of the OSDI 2016. Savannah, Georgia, USA},
  year={2016}
}

@article{brockman2016openai,
  title={OpenAI gym},
  author={Brockman, Greg and Cheung, Vicki and Pettersson, Ludwig and Schneider, Jonas and Schulman, John and Tang, Jie and Zaremba, Wojciech},
  journal={arXiv:1606.01540},
  year={2016}
}

@article{jia2014caffe,
  Author = {Jia, Yangqing and Shelhamer, Evan and Donahue, Jeff and Karayev, Sergey and Long, Jonathan and Girshick, Ross and Guadarrama, Sergio and Darrell, Trevor},
  Journal = {arXiv preprint arXiv:1408.5093},
  Title = {Caffe: Convolutional Architecture for Fast Feature Embedding},
  Year = {2014}
}
@article{katehakis1987multi,
  title={The multi-armed bandit problem: decomposition and computation},
  author={Katehakis, Michael N and Veinott Jr, Arthur F},
  journal={Mathematics of Operations Research},
  volume={12},
  number={2},
  pages={262--268},
  year={1987},
  publisher={INFORMS}
}

%%%%%%%%DDPG%%%%%%%%%%%%
@article{lillicrap2015continuous,
  title={Continuous control with deep reinforcement learning},
  author={Lillicrap, T. and Hunt, J. and Pritzel, A. and Heess, N. and Erez, T. and Tassa, Y. and Silver, D. and Wierstra, D.},
  journal={arXiv preprint arXiv:1509.02971},
  year={2015}
}

@article{ioffe2015batch,
  title={Batch normalization: Accelerating deep network training by reducing internal covariate shift},
  author={Ioffe, S. and Szegedy, C.},
  journal={arXiv preprint arXiv:1502.03167},
  year={2015}
}

@inproceedings{lever2014deterministic,
    Publisher = {JMLR Workshop and Conference Proceedings},
    Title = {Deterministic Policy Gradient Algorithms},
    Url = {http://jmlr.org/proceedings/papers/v32/silver14.pdf},
    Abstract = {In this paper we consider deterministic policy gradient algorithms for reinforcement learning with continuous actions. The deterministic policy gradient has a particularly appealing form: it is the expected gradient of the action-value function. This simple form means that the deterministic policy gradient can be estimated much more efficiently than the usual stochastic policy gradient. To ensure adequate exploration, we introduce an off-policy actor-critic algorithm that learns a deterministic target policy from an exploratory behaviour policy. Deterministic policy gradient algorithms outperformed their stochastic counterparts in several benchmark problems, particularly in high-dimensional action spaces.},
    Author = {David Silver and Guy Lever and Nicolas Heess and Thomas Degris and Daan Wierstra and Martin Riedmiller},
    Editor = {Tony Jebara and Eric P. Xing},
    Year = {2014},
    Booktitle = {Proceedings of the 31st International Conference on Machine Learning (ICML-14)},
    Pages = {387-395}
   }

@article{uhlenbeck1930theory,
  title={On the theory of the Brownian motion},
  author={Uhlenbeck, G.E. and Ornstein, L.S.},
  journal={Physical review},
  volume={36},
  number={5},
  pages={823},
  year={1930},
  publisher={APS}
}


%%%%%%%%%%RL%%%%%%%%%%
@inproceedings{sutton1999policy,
  title={Policy Gradient Methods for Reinforcement Learning with Function Approximation.},
  author={Sutton, R.S. and McAllester, D.A. and Singh, S.P. and Mansour, Y. and others},
  booktitle={NIPS},
  volume={99},
  pages={1057--1063},
  year={1999}
}

@inproceedings{konda1999actor,
  title={Actor-Critic Algorithms.},
  author={Konda, V.R. and Tsitsiklis, J.N.},
  booktitle={NIPS},
  volume={13},
  pages={1008--1014},
  year={1999}
}

@techreport{bellman1957markovian,
  title={A Markovian decision process},
  author={Bellman, R.},
  year={1957},
  institution={DTIC Document}
}

@article{sutton1998reinforcement,
  title={Reinforcement learning: an introduction},
  author={Sutton, R.S. and Barto, A.G.},
  journal={Neural Networks, IEEE Transactions on},
  volume={9},
  number={5},
  pages={1054--1054},
  year={1998},
  publisher={IEEE}
}

@article{szepesvari2010algorithms,
  title={Algorithms for reinforcement learning},
  author={Szepesv{\'a}ri, C.},
  journal={Synthesis Lectures on Artificial Intelligence and Machine Learning},
  volume={4},
  number={1},
  pages={1--103},
  year={2010},
  publisher={Morgan \& Claypool Publishers}
}

@article{lin1992self,
  title={Self-improving reactive agents based on reinforcement learning, planning and teaching},
  author={Lin, Long-Ji},
  journal={Machine learning},
  volume={8},
  number={3-4},
  pages={293--321},
  year={1992},
  publisher={Springer}
}

@inproceedings{chu2016large,
  title={Large-scale traffic grid signal control with regional Reinforcement Learning},
  author={Chu, Tianshu and Qu, Shuhui and Wang, Jie},
  booktitle={American Control Conference (ACC), 2016},
  pages={815--820},
  year={2016},
  organization={IEEE}
}

@article{reddy2011strategy,
  title={Strategy learning for autonomous agents in smart grid markets},
  author={Reddy, Prashant P and Veloso, Manuela M},
  year={2011},
  publisher={AAAI Press}
}

@inproceedings{nevmyvaka2006reinforcement,
  title={Reinforcement learning for optimized trade execution},
  author={Nevmyvaka, Yuriy and Feng, Yi and Kearns, Michael},
  booktitle={Proceedings of the 23rd international conference on Machine learning},
  pages={673--680},
  year={2006},
  organization={ACM}
}

%%%%%%%%WilcoxonP-Value%%%%%%%%
@article{wilcoxon1945individual,
  title={Individual comparisons by ranking methods},
  author={Wilcoxon, Frank},
  journal={Biometrics bulletin},
  volume={1},
  number={6},
  pages={80--83},
  year={1945},
  publisher={JSTOR}
}
%%%%%%%Forcasting%%%%%%%
@book{hyndman2014forecasting,
  title={Forecasting: principles and practice},
  author={Hyndman, Rob J and Athanasopoulos, George},
  year={2014},
  publisher={OTexts}
}

@INPROCEEDINGS{droneMPC, 
author={A. Chowdhery and M. Chiang}, 
booktitle={2018 IEEE International Conference on Sensing, Communication and Networking (SECON Workshops)}, 
title={Model Predictive Compression for Drone Video Analytics}, 
year={2018}, 
keywords={computer vision;data compression;target tracking;video surveillance;drone mosaicing application;network bandwidth overheads;compression scheme;network bandwidth use;ground station;drone trajectory;model predictive compression algorithm;drone processor;computational capability;drone-to-server link;drone flight;drone cameras;remote areas;disaster zones;surveillance scenarios;drone video analytics;Drones;Image coding;Bandwidth;Predictive models;Entropy;Servers;Streaming media}, 
}



@inproceedings{objectdetectionAPI,
  title={Speed/accuracy trade-offs for modern convolutional object detectors},
  author={Huang, Jonathan and Rathod, Vivek and Sun, Chen and Zhu, Menglong and Korattikara, Anoop and Fathi, Alireza and Fischer, Ian and Wojna, Zbigniew and Song, Yang and Guadarrama, Sergio and others}
}

@misc{detectron,
  author =       {Ross Girshick and Ilija Radosavovic and Georgia Gkioxari and
                  Piotr Doll\'{a}r and Kaiming He},
  title =        {Detectron},
  howpublished = {\url{https://github.com/facebookresearch/detectron}},
  year =         {2018}
}

@article{noscope,
 author = {Kang, Daniel and Emmons, John and Abuzaid, Firas and Bailis, Peter and Zaharia, Matei},
 title = {NoScope: Optimizing Neural Network Queries over Video at Scale},
 journal = {Proc. VLDB Endow.},
 year = {2017}
} 

@article{blazeit,
  author    = {Daniel Kang and
               Peter Bailis and
               Matei Zaharia},
  title     = {BlazeIt: Fast Exploratory Video Queries using Neural Networks},
  journal   = {arXiv: 1805.01046},
  year      = {2018}
}

@article{kang2017neurosurgeon,
  title={Neurosurgeon: Collaborative intelligence between the cloud and mobile edge},
  author={Kang, Yiping and Hauswald, Johann and Gao, Cao and Rovinski, Austin and Mudge, Trevor and Mars, Jason and Tang, Lingjia},
  journal={ACM SIGPLAN Notices},
  volume={52},
  number={4},
  pages={615--629},
  year={2017},
  publisher={ACM}
}

@inproceedings{fouladi2018salsify,
  title={Salsify: Low-Latency Network Video through Tighter Integration between a Video Codec and a Transport Protocol},
  author={Fouladi, Sadjad and Emmons, John and Orbay, Emre and Wu, Catherine and Wahby, Riad S and Winstein, Keith},
  booktitle={15th USENIX Symposium on Networked Systems Design and Implementation (NSDI) 18)},
  year={2018},
  organization={USENIX Association}
}

@inproceedings{burago2017bandwidth,
  title={Bandwidth-Aware Data Filtering in Edge-Assisted Wireless Sensor Systems},
  author={Burago, Igor and Levorato, Marco and Chowdhery, Aakanksha},
  booktitle={Sensing, Communication, and Networking (SECON), 2017 14th Annual IEEE International Conference on},
  pages={1--9},
  year={2017},
  organization={IEEE}
}

@inproceedings{coco,
  title={Microsoft coco: Common objects in context},
  author={Lin, Tsung-Yi and Maire, Michael and Belongie, Serge and Hays, James and Perona, Pietro and Ramanan, Deva and Doll{\'a}r, Piotr and Zitnick, C Lawrence},
  booktitle={European conference on computer vision},
  pages={740--755},
  year={2014},
  organization={Springer}
}

@article{maskrcnn,
  title={Mask r-cnn},
  author={He, Kaiming and Gkioxari, Georgia and Doll{\'a}r, Piotr and Girshick, Ross},
  journal={IEEE transactions on pattern analysis and machine intelligence},
  year={2018},
  publisher={IEEE}
}

@inproceedings{ssd,
  title={Ssd: Single shot multibox detector},
  author={Liu, Wei and Anguelov, Dragomir and Erhan, Dumitru and Szegedy, Christian and Reed, Scott and Fu, Cheng-Yang and Berg, Alexander C},
  booktitle={European conference on computer vision},
  pages={21--37},
  year={2016},
  organization={Springer}
}

@inproceedings {pakha,
author = {Chrisma Pakha and Aakanksha Chowdhery and Junchen Jiang},
title = {Reinventing Video Streaming for Distributed Vision Analytics},
booktitle = {10th {USENIX} Workshop on Hot Topics in Cloud Computing (HotCloud 18)},
year = {2018},
address = {Boston, MA},
url = {https://www.usenix.org/conference/hotcloud18/presentation/pakha},
publisher = {{USENIX} Association},
}

@book{tong2001active,
  title={Active learning: theory and applications},
  author={Tong, Simon},
  volume={1},
  year={2001},
  publisher={Stanford University USA}
}

@inproceedings{gal2017deep,
  title={Deep Bayesian Active Learning with Image Data},
  author={Gal, Yarin and Islam, Riashat and Ghahramani, Zoubin},
  booktitle={International Conference on Machine Learning},
  year={2017}
}

@incollection{rasmussen2004gaussian,
  title={Gaussian processes in machine learning},
  author={Rasmussen, Carl Edward},
  booktitle={Advanced lectures on machine learning},
  pages={63--71},
  year={2004},
  publisher={Springer}
}

@inproceedings{fang2017learning,
  title={Learning how to Active Learn: A Deep Reinforcement Learning Approach},
  author={Fang, Meng and Li, Yuan and Cohn, Trevor},
  booktitle={Proceedings of the 2017 Conference on Empirical Methods in Natural Language Processing},
  pages={595--605},
  year={2017}
}




@article{onlinelearning,
  author    = {Andr{\'{a}}s A. Bencz{\'{u}}r and
               Levente Kocsis and
               R{\'{o}}bert P{\'{a}}lovics},
  title     = {Online Machine Learning in Big Data Streams},
  journal   = {CoRR},
  volume    = {abs/1802.05872},
  year      = {2018},
  url       = {http://arxiv.org/abs/1802.05872},
  archivePrefix = {arXiv},
  eprint    = {1802.05872},
  timestamp = {Mon, 13 Aug 2018 16:46:39 +0200},
  biburl    = {https://dblp.org/rec/bib/journals/corr/abs-1802-05872},
  bibsource = {dblp computer science bibliography, https://dblp.org}
}

@article{iotSurvey2015,
	author = {Al-Fuqaha, Ala I. and Guizani, Mohsen and Mohammadi, Mehdi and Aledhari, Mohammed and Ayyash, Moussa},
	journal = {IEEE Communications Surveys and Tutorials},
	number = 4,
	pages = {2347-2376},
	title = {Internet of Things: A Survey on Enabling Technologies, Protocols, and Applications.},
	volume = 17,
	year = 2015
}

@article{roboticsSurvey,
	title={A Survey of Research on Cloud Robotics and Automation},
	author={Ben Kehoe and Sachin Patil and Pieter Abbeel and Kenneth Y. Goldberg},
	journal={IEEE Transactions on Automation Science and Engineering},
	year={2015},
	volume={12},
	pages={398-409}
}

@inproceedings{antonakakis2017understanding,
  title={Understanding the mirai botnet},
  author={Antonakakis, Manos and April, Tim and Bailey, Michael and Bernhard, Matt and Bursztein, Elie and Cochran, Jaime and Durumeric, Zakir and Halderman, J Alex and Invernizzi, Luca and Kallitsis, Michalis and others},
  booktitle={USENIX Security Symposium},
  pages={1092--1110},
  year={2017}
}

@inproceedings{yu2015handling,
  title={Handling a trillion (unfixable) flaws on a billion devices: Rethinking network security for the internet-of-things},
  author={Yu, Tianlong and Sekar, Vyas and Seshan, Srinivasan and Agarwal, Yuvraj and Xu, Chenren},
  booktitle={Proceedings of the 14th ACM Workshop on Hot Topics in Networks},
  pages={5},
  year={2015},
  organization={ACM}
}

@inproceedings{xiangyu2017shufflenet,
  title={Shufflenet: an extremely efficient convolutional neural network for mobile devices},
  author={Xiangyu, Z and Xinyu, Z and Mengxiao, L and Jian, S},
  booktitle={Computer Vision and Pattern Recognition},
  year={2017}
}

@article{grulich2018collaborative,
  title={Collaborative edge and cloud neural networks for real-time video processing},
  author={Grulich, Philipp M and Nawab, Faisal},
  journal={Proceedings of the VLDB Endowment},
  volume={11},
  number={12},
  pages={2046--2049},
  year={2018},
  publisher={VLDB Endowment}
}

@inproceedings{lin2018architectural,
	title={The Architectural Implications of Autonomous Driving: Constraints and Acceleration},
	author={Lin, Shih-Chieh and Zhang, Yunqi and Hsu, Chang-Hong and Skach, Matt and Haque, Md E and Tang, Lingjia and Mars, Jason},
	booktitle={Proceedings of the Twenty-Third International Conference on Architectural Support for Programming Languages and Operating Systems},
	pages={751--766},
	year={2018},
	organization={ACM}
}

@inproceedings{chen2015glimpse,
	title={Glimpse: Continuous, real-time object recognition on mobile devices},
	author={Chen, Tiffany Yu-Han and Ravindranath, Lenin and Deng, Shuo and Bahl, Paramvir and Balakrishnan, Hari},
	booktitle={Proceedings of the 13th ACM Conference on Embedded Networked Sensor Systems},
	year={2015}
}

@article{liu2018efficient,
	title={Efficient sparse-winograd convolutional neural networks},
	author={Liu, Xingyu and Pool, Jeff and Han, Song and Dally, William J},
	journal={arXiv preprint arXiv:1802.06367},
	year={2018}
}

@article{han2015deep,
  title={Deep compression: Compressing deep neural networks with pruning, trained quantization and huffman coding},
  author={Han, Song and Mao, Huizi and Dally, William J},
  journal={arXiv preprint arXiv:1510.00149},
  year={2015}
}



@misc{mobilenetcpu,
	author = {Mark Sandler and Andrew Howard},
	title = {MobileNetV2: The Next Generation of On-Device Computer Vision Networks},
	howpublished = "{\url{https://ai.googleblog.com/2018/04/mobilenetv2-next-generation-of-on.html}}"
}

@misc{Detectron2018,
	author =       {Ross Girshick and Ilija Radosavovic and Georgia Gkioxari and
	Piotr Doll\'{a}r and Kaiming He},
	title =        {Detectron},
	howpublished = {\url{https://github.com/facebookresearch/detectron}},
	year =         {2018}
}

@article{schulz2017latency,
	title={Latency critical IoT applications in 5G: Perspective on the design of radio interface and network architecture},
	author={Schulz, Philipp and Matthe, Maximilian and Klessig, Henrik and Simsek, Meryem and Fettweis, Gerhard and Ansari, Junaid and Ashraf, Shehzad Ali and Almeroth, Bjoern and Voigt, Jens and Riedel, Ines and others},
	journal={IEEE Communications Magazine},
	volume={55},
	number={2},
	pages={70--78},
	year={2017},
	publisher={IEEE}
}

@article{amer2017modelling,
	title={Modelling and control strategies in path tracking control for autonomous ground vehicles: a review of state of the art and challenges},
	author={Amer, Noor Hafizah and Zamzuri, Hairi and Hudha, Khisbullah and Kadir, Zulkiffli Abdul},
	journal={Journal of Intelligent \& Robotic Systems},
	volume={86},
	number={2},
	pages={225--254},
	year={2017},
	publisher={Springer}
}

@inproceedings{teerapittayanon2016branchynet,
  title={Branchynet: Fast inference via early exiting from deep neural networks},
  author={Teerapittayanon, Surat and McDanel, Bradley and Kung, HT},
  booktitle={Pattern Recognition (ICPR), 2016 23rd International Conference on},
  pages={2464--2469},
  year={2016},
  organization={IEEE}
}

@book{james2013introduction,
	title={An introduction to statistical learning},
	author={James, Gareth and Witten, Daniela and Hastie, Trevor and Tibshirani, Robert},
	volume={112},
	year={2013},
	publisher={Springer}
}

@inproceedings{DDNNOCEETeerapittayanon17,
	author    = {Surat Teerapittayanon and
	Bradley McDanel and
	H. T. Kung},
	title     = {Distributed Deep Neural Networks Over the Cloud, the Edge and End
	Devices},
	booktitle = {37th {IEEE} International Conference on Distributed Computing Systems,
	{ICDCS} 2017, Atlanta, GA, USA, June 5-8, 2017},
	pages     = {328--339},
	year      = {2017},
	url       = {https://doi.org/10.1109/ICDCS.2017.226},
	doi       = {10.1109/ICDCS.2017.226},
	timestamp = {Wed, 11 Apr 2018 10:21:14 +0200},
	biburl    = {https://dblp.org/rec/bib/conf/icdcs/Teerapittayanon17},
	bibsource = {dblp computer science bibliography, https://dblp.org}
}

@article{EHPDNNFCKo18,
	author    = {Jong Hwan Ko and
	Taesik Na and
	Mohammad Faisal Amir and
	Saibal Mukhopadhyay},
	title     = {Edge-Host Partitioning of Deep Neural Networks with Feature Space
	Encoding for Resource-Constrained Internet-of-Things Platforms},
	journal   = {CoRR},
	volume    = {abs/1802.03835},
	year      = {2018},
	url       = {http://arxiv.org/abs/1802.03835},
	archivePrefix = {arXiv},
	eprint    = {1802.03835},
	timestamp = {Mon, 13 Aug 2018 16:46:20 +0200},
	biburl    = {https://dblp.org/rec/bib/journals/corr/abs-1802-03835},
	bibsource = {dblp computer science bibliography, https://dblp.org}
}

@inproceedings{HAOMIHauswald14,
	author    = {Johann Hauswald and
	Thomas Manville and
	Q. Zheng and
	Ronald G. Dreslinski and
	Chaitali Chakrabarti and
	Trevor N. Mudge},
	title     = {A hybrid approach to offloading mobile image classification},
	booktitle = {{ICASSP}},
	pages     = {8375--8379},
	publisher = {{IEEE}},
	year      = {2014}
}

@article{JointDNNEshratifar18,
	author    = {Amir Erfan Eshratifar and
	Mohammad Saeed Abrishami and
	Massoud Pedram},
	title     = {JointDNN: An Efficient Training and Inference Engine for Intelligent
	Mobile Cloud Computing Services},
	journal   = {CoRR},
	volume    = {abs/1801.08618},
	year      = {2018}
}

@inproceedings{MCDNNHan16,
	author    = {Seungyeop Han and
	Haichen Shen and
	Matthai Philipose and
	Sharad Agarwal and
	Alec Wolman and
	Arvind Krishnamurthy},
	title     = {{MCDNN:} An Approximation-Based Execution Framework for Deep Stream
	Processing Under Resource Constraints},
	booktitle = {MobiSys},
	pages     = {123--136},
	publisher = {{ACM}},
	year      = {2016}
}

@inproceedings{DeepNJPEGLiu18,
	author    = {Zihao Liu and
	Tao Liu and
	Wujie Wen and
	Lei Jiang and
	Jie Xu and
	Yanzhi Wang and
	Gang Quan},
	title     = {DeepN-JPEG: a deep neural network favorable JPEG-based image compression
	framework},
	booktitle = {{DAC}},
	pages     = {18:1--18:6},
	publisher = {{ACM}},
	year      = {2018}
}

@inproceedings{lin2017feature,
  title={Feature Pyramid Networks for Object Detection.},
  author={Lin, Tsung-Yi and Doll{\'a}r, Piotr and Girshick, Ross B and He, Kaiming and Hariharan, Bharath and Belongie, Serge J},
  booktitle={CVPR},
  volume={1},
  number={2},
  pages={4},
  year={2017}
}


@article{tanwani2020rilaas,
  title={RILaaS: Robot Inference and Learning as a Service},
  author={Tanwani, Ajay Kumar and Anand, Raghav and Gonzalez, Joseph E and Goldberg, Ken},
  journal={IEEE Robotics and Automation Letters},
  year={2020},
  publisher={IEEE}
}

@inproceedings{mao2016resource,
  title={Resource management with deep reinforcement learning},
  author={Mao, Hongzi and Alizadeh, Mohammad and Menache, Ishai and Kandula, Srikanth},
  booktitle={Proceedings of the 15th ACM Workshop on Hot Topics in Networks},
  pages={50--56},
  year={2016}
}



@inproceedings{li2018dex,
  title={Dex-net as a service (dnaas): A cloud-based robust robot grasp planning system},
  author={Li, Pusong and DeRose, Bill and Mahler, Jeffrey and Ojea, Juan Aparicio and Tanwani, Ajay Kumar and Goldberg, Ken},
  booktitle={2018 IEEE 14th International Conference on Automation Science and Engineering (CASE)},
  pages={1420--1427},
  year={2018},
  organization={IEEE}
}

########### eyal refs on zero-shot learning ##############
@inproceedings{sanakoyeu2019divide,
  title={Divide and Conquer the Embedding Space for Metric Learning},
  author={Sanakoyeu, Artsiom and Tschernezki, Vadim and Buchler, Uta and Ommer, Bjorn},
  booktitle={Proceedings of the IEEE Conference on Computer Vision and Pattern Recognition},
  pages={471--480},
  year={2019}
}

@inproceedings{wang2019tafe,
  title={TAFE-Net: Task-Aware Feature Embeddings for Low Shot Learning},
  author={Wang, Xin and Yu, Fisher and Wang, Ruth and Darrell, Trevor and Gonzalez, Joseph E},
  booktitle={Proceedings of the IEEE Conference on Computer Vision and Pattern Recognition},
  pages={1831--1840},
  year={2019}
}

@inproceedings{zhu2019generalized,
  title={Generalized Zero-Shot Recognition based on Visually Semantic Embedding},
  author={Zhu, Pengkai and Wang, Hanxiao and Saligrama, Venkatesh},
  booktitle={Proceedings of the IEEE Conference on Computer Vision and Pattern Recognition},
  pages={2995--3003},
  year={2019}
}

@inproceedings{perera2019deep,
  title={Deep transfer learning for multiple class novelty detection},
  author={Perera, Pramuditha and Patel, Vishal M},
  booktitle={Proceedings of the IEEE Conference on Computer Vision and Pattern Recognition},
  pages={11544--11552},
  year={2019}
}

@inproceedings{smith2017federated,
  title={Federated multi-task learning},
  author={Smith, Virginia and Chiang, Chao-Kai and Sanjabi, Maziar and Talwalkar, Ameet S},
  booktitle={Advances in Neural Information Processing Systems},
  pages={4424--4434},
  year={2017}
}

@inproceedings{bodesheim2013kernel,
  title={Kernel null space methods for novelty detection},
  author={Bodesheim, Paul and Freytag, Alexander and Rodner, Erik and Kemmler, Michael and Denzler, Joachim},
  booktitle={Proceedings of the IEEE conference on computer vision and pattern recognition},
  pages={3374--3381},
  year={2013}
}


########### END eyal refs on zero-shot learning ##############

@inproceedings{inception,
  title={Rethinking the inception architecture for computer vision},
  author={Szegedy, Christian and Vanhoucke, Vincent and Ioffe, Sergey and Shlens, Jon and Wojna, Zbigniew},
  booktitle={Proceedings of the IEEE conference on computer vision and pattern recognition},
  pages={2818--2826},
  year={2016}
}


@inproceedings{ren2015faster,
  title={Faster r-cnn: Towards real-time object detection with region proposal networks},
  author={Ren, Shaoqing and He, Kaiming and Girshick, Ross and Sun, Jian},
  booktitle={Advances in neural information processing systems},
  pages={91--99},
  year={2015}
}

@inproceedings{sharif2014cnn,
  title={CNN features off-the-shelf: an astounding baseline for recognition},
  author={Sharif Razavian, Ali and Azizpour, Hossein and Sullivan, Josephine and Carlsson, Stefan},
  booktitle={Proceedings of the IEEE conference on computer vision and pattern recognition workshops},
  pages={806--813},
  year={2014}
}

@inproceedings{yosinski2014transferable,
  title={How transferable are features in deep neural networks?},
  author={Yosinski, Jason and Clune, Jeff and Bengio, Yoshua and Lipson, Hod},
  booktitle={Advances in neural information processing systems},
  pages={3320--3328},
  year={2014}
}


@misc{CS231N_transfer_learning,
    title={Transfer Learning},
	howpublished = "\url{http://cs231n.github.io/transfer-learning/}",
    year={2019},
    note = "[Online; accessed 08-Sep.-2019]"
}

@article{tuia2011survey,
  title={A survey of active learning algorithms for supervised remote sensing image classification},
  author={Tuia, Devis and Volpi, Michele and Copa, Loris and Kanevski, Mikhail and Munoz-Mari, Jordi},
  journal={IEEE Journal of Selected Topics in Signal Processing},
  volume={5},
  number={3},
  pages={606--617},
  year={2011},
  publisher={IEEE}
}

@inproceedings{martinez2007active,
  title={Active policy learning for robot planning and exploration under uncertainty.},
  author={Martinez-Cantin, Ruben and de Freitas, Nando and Doucet, Arnaud and Castellanos, Jos{\'e} A}
}

@techreport{settles2009active,
  title={Active learning literature survey},
  author={Settles, Burr},
  year={2009},
  institution={University of Wisconsin-Madison Department of Computer Sciences}
}

@article{cohn1996active,
  title={Active learning with statistical models},
  author={Cohn, David A and Ghahramani, Zoubin and Jordan, Michael I},
  journal={Journal of artificial intelligence research},
  volume={4},
  pages={129--145},
  year={1996}
}

@book{quionero2009dataset,
  title={Dataset shift in machine learning},
  author={Quionero-Candela, Joaquin and Sugiyama, Masashi and Schwaighofer, Anton and Lawrence, Neil D},
  year={2009},
  publisher={The MIT Press}
}

@article{H264,
  title={Overview of the H. 264/AVC video coding standard},
  author={Wiegand, Thomas and Sullivan, Gary J and Bjontegaard, Gisle and Luthra, Ajay},
  journal={IEEE Transactions on circuits and systems for video technology},
  volume={13},
  number={7},
  pages={560--576},
  year={2003}
}

@article{chinchali2019RSS,
  title={Network offloading policies for cloud robotics: a learning-based approach},
  author={Chinchali, Sandeep and Sharma, Apoorva and Harrison, James and Elhafsi, Amine and Kang, Daniel and Pergament, Evgenya and Cidon, Eyal and Katti, Sachin and Pavone, Marco},
  journal={arXiv preprint arXiv:1902.05703},
  year={2019}
}

@misc{edgeTPUwebsite, 
    title={Edge TPU}, 
    howpublished = "\url{https://cloud.google.com/edge-tpu/}",
    journal={Google Edge TPU Website}, 
    year={2019},
    note = "[Online; accessed 01-Sep.-2019]"
}


@misc{DARPAsubT, 
    title={DARPA Subterranean (SubT) Challenge}, 
    howpublished = "\url{https://www.darpa.mil/program/darpa-subterranean-challenge/}",
    journal={DARPA Website}, 
    year={2020},
    note = "[Online; accessed 24-Jan.-2020]"
}


@misc{tuxera,
    title={Autonomous and ADAS test cars produce over 11 TB of data per day},
	howpublished = "\url{https://www.tuxera.com/blog/autonomous-and-adas-test-cars-produce-over-11-tb-of-data-per-day/}",
    year={2019},
    note = "[Online; accessed 08-Sep.-2019]"
}



@misc{GCS_pricing, 
    title={Cloud Storage pricing}, 
    howpublished = "\url{https://cloud.google.com/storage/pricing}",
    year={2019},
    note = "[Online; accessed 07-Sep.-2019]"
}

@misc{lyft2019,
    title = {Lyft Level 5 AV Dataset 2019},
    author = {Kesten, R. and Usman, M. and Houston, J. and Pandya, T. and Nadhamuni, K. and Ferreira, A. and Yuan, M. and Low, B. and Jain, A. and Ondruska, P. and Omari, S. and Shah, S. and Kulkarni, A. and Kazakova, A. and Tao, C. and Platinsky, L. and Jiang, W. and Shet, V.},
    year = {2019},
    howpublished = {\url{https://level5.lyft.com/dataset/}}
}

@misc{waymo_open_dataset,
  title = {Waymo Open Dataset: An autonomous driving dataset},
  howpublished = {\url{https://www.waymo.com/open}},
  year = {2019}
}

@misc{coco_detection_metrics,
  title = {COCO: Common Objects in Context: Detection Evaluation},
  howpublished = {\url{http://cocodataset.org/\#detection-eval}},
  year = {2019}
}


@misc{cloud_data_label,
  title = {AI Platform Data Labeling Service},
  howpublished = {\url{https://cloud.google.com/data-labeling/docs/}},
  year = {2019}
}


@misc{cloud_data_label_price,
  title = {Data Labeling Service Pricing},
  howpublished = {\url{https://cloud.google.com/data-labeling/pricing}},
  year = {2019}
}

@article{nuscenes2019,
 title={nuScenes: A multimodal dataset for autonomous driving},
  author={Holger Caesar and Varun Bankiti and Alex H. Lang and Sourabh Vora and 
          Venice Erin Liong and Qiang Xu and Anush Krishnan and Yu Pan and 
          Giancarlo Baldan and Oscar Beijbom}, 
  journal={arXiv preprint arXiv:1903.11027},
  year={2019}
}

@article{yu2018bdd100k,
  title={Bdd100k: A diverse driving video database with scalable annotation tooling},
  author={Yu, Fisher and Xian, Wenqi and Chen, Yingying and Liu, Fangchen and Liao, Mike and Madhavan, Vashisht and Darrell, Trevor},
  journal={arXiv preprint arXiv:1805.04687},
  year={2018}
}


@inproceedings{deng2009imagenet,
  title={Imagenet: A large-scale hierarchical image database},
  author={Deng, Jia and Dong, Wei and Socher, Richard and Li, Li-Jia and Li, Kai and Fei-Fei, Li},
  booktitle={2009 IEEE conference on computer vision and pattern recognition},
  pages={248--255},
  year={2009},
  organization={Ieee}
}



@inproceedings{tu2019point,
  title={Point cloud compression for 3D LiDAR sensor using recurrent neural network with residual blocks},
  author={Tu, Chenxi and Takeuchi, Eijiro and Carballo, Alexander and Takeda, Kazuya},
  booktitle={2019 International Conference on Robotics and Automation (ICRA)},
  pages={3274--3280},
  year={2019},
  organization={IEEE}
}


@inproceedings{emmons2019cracking,
  title={Cracking open the DNN black-box: Video Analytics with DNNs across the Camera-Cloud Boundary},
  author={Emmons, John and Fouladi, Sadjad and Ananthanarayanan, Ganesh and Venkataraman, Shivaram and Savarese, Silvio and Winstein, Keith},
  booktitle={Proceedings of the 2019 Workshop on Hot Topics in Video Analytics and Intelligent Edges},
  pages={27--32},
  year={2019}
}

@inproceedings{hotnets,
    author = {Chinchali*, Sandeep and Cidon*, Eyal and Pergament*, Evgenya and Chu, Tianshu and Katti, Sachin},
    title = {Neural Networks Meet Physical Networks: Distributed Inference Between Edge Devices and the Cloud},
    booktitle = {Proceedings of the 17th ACM Workshop on Hot Topics in Networks},
    series = {HotNets '18},
    year = {2018},
    location = {Redmond, WA, USA},
    pages = {50--56},
    note={* Indicates equal contribution.}
}


@article{weber2019lossy,
  title={Lossy Image Compression with Recurrent Neural Networks: from Human Perceived Visual Quality to Classification Accuracy},
  author={Weber, Maurice and Renggli, Cedric and Grabner, Helmut and Zhang, Ce},
  journal={arXiv preprint arXiv:1910.03472},
  year={2019}
}


@inproceedings{karaman2011anytime,
  title={Anytime motion planning using the RRT},
  author={Karaman, Sertac and Walter, Matthew R and Perez, Alejandro and Frazzoli, Emilio and Teller, Seth},
  booktitle={2011 IEEE International Conference on Robotics and Automation},
  pages={1478--1483},
  year={2011},
  organization={IEEE}
}

@inproceedings{liu2018deepn,
  title={DeepN-JPEG: A deep neural network favorable JPEG-based image compression framework},
  author={Liu, Zihao and Liu, Tao and Wen, Wujie and Jiang, Lei and Xu, Jie and Wang, Yanzhi and Quan, Gang},
  booktitle={Proceedings of the 55th Annual Design Automation Conference},
  pages={1--6},
  year={2018}
}


@misc{KISS,
   title={Virtual Workshop: Nebulae - Deep-Space Computing Clouds - Part 2},
   author={Keck Institute for Space Studies},
   year={2020},
   url={https://www.kiss.caltech.edu/workshops/nebulae/nebulae2.html#Schedule}
}

@inproceedings{vander2020nebulae,
  title={Nebulae: A Proposed Concept of Operation for Deep Space Computing Clouds},
  author={Vander Hook, Joshua and Castillo-Rogez, Julie and Doyle, Richard and Vaquero, Tiago Stegun and Hare, Trent M and Kirk, Randolf L and Fox, Valerie and Bekker, Dmitriy and Cocoros, Alice},
  booktitle={2020 IEEE Aerospace Conference},
  pages={1--14},
  year={2020},
  organization={IEEE}
}

@inproceedings{nenci2014effective,
  title={Effective compression of range data streams for remote robot operations using H. 264},
  author={Nenci, Fabrizio and Spinello, Luciano and Stachniss, Cyrill},
  booktitle={2014 IEEE/RSJ International Conference on Intelligent Robots and Systems},
  pages={3794--3799},
  year={2014},
  organization={IEEE}
}



@misc{robustness,
   title={Robustness (Python Library)},
   author={Logan Engstrom and Andrew Ilyas and Hadi Salman and Shibani Santurkar and Dimitris Tsipras},
   year={2019},
   url={https://github.com/MadryLab/robustness}
}


@article{kingma2013auto,
  title={Auto-encoding variational bayes},
  author={Kingma, Diederik P and Welling, Max},
  journal={arXiv preprint arXiv:1312.6114},
  year={2013}
}

@inproceedings{ghifary2015domain,
  title={Domain generalization for object recognition with multi-task autoencoders},
  author={Ghifary, Muhammad and Bastiaan Kleijn, W and Zhang, Mengjie and Balduzzi, David},
  booktitle={Proceedings of the IEEE international conference on computer vision},
  pages={2551--2559},
  year={2015}
}


@misc{DeepSpaceNetwork,
    title={Mars Reconnaissance Orbiter: Communications with Earth},
	howpublished = "\url{https://mars.nasa.gov/mro/mission/communications/}",
    year={2020},
    note = "[Online; accessed 18-Oct.-2020]"
}


@inproceedings{tishby2015deep,
  title={Deep learning and the information bottleneck principle},
  author={Tishby, Naftali and Zaslavsky, Noga},
  booktitle={2015 IEEE Information Theory Workshop (ITW)},
  pages={1--5},
  year={2015},
  organization={IEEE}
}

@inproceedings{qureshi2019motion,
  title={Motion planning networks},
  author={Qureshi, Ahmed H and Simeonov, Anthony and Bency, Mayur J and Yip, Michael C},
  booktitle={2019 International Conference on Robotics and Automation (ICRA)},
  pages={2118--2124},
  year={2019},
  organization={IEEE}
}

@article{pacelli2020learning,
  title={Learning Task-Driven Control Policies via Information Bottlenecks},
  author={Pacelli, Vincent and Majumdar, Anirudha},
  journal={arXiv preprint arXiv:2002.01428},
  year={2020}
}

@article{manchester2013kicksat,
  title={Kicksat: A crowd-funded mission to demonstrate the world’s smallest spacecraft},
  author={Manchester, Zachary and Peck, Mason and Filo, Andrew},
  year={2013}
}

@article{woellert2011cubesats,
  title={Cubesats: Cost-effective science and technology platforms for emerging and developing nations},
  author={Woellert, Kirk and Ehrenfreund, Pascale and Ricco, Antonio J and Hertzfeld, Henry},
  journal={Advances in Space Research},
  volume={47},
  number={4},
  pages={663--684},
  year={2011},
  publisher={Elsevier}
}

@inproceedings{pacelli2019task,
  title={Task-driven estimation and control via information bottlenecks},
  author={Pacelli, Vincent and Majumdar, Anirudha},
  booktitle={2019 International Conference on Robotics and Automation (ICRA)},
  pages={2061--2067},
  year={2019},
  organization={IEEE}
}

@article{sonar2020invariant,
  title={Invariant Policy Optimization: Towards Stronger Generalization in Reinforcement Learning},
  author={Sonar, Anoopkumar and Pacelli, Vincent and Majumdar, Anirudha},
  journal={arXiv preprint arXiv:2006.01096},
  year={2020}
}

@article{tzoumas2020lqg,
  title={LQG control and sensing co-design},
  author={Tzoumas, Vasileios and Carlone, Luca and Pappas, George J and Jadbabaie, Ali},
  journal={IEEE Transactions on Automatic Control},
  year={2020},
  publisher={IEEE}
}

@article{lu2020dynamics,
  title={Dynamics Generalization via Information Bottleneck in Deep Reinforcement Learning},
  author={Lu, Xingyu and Lee, Kimin and Abbeel, Pieter and Tiomkin, Stas},
  journal={arXiv preprint arXiv:2008.00614},
  year={2020}
}

@article{booker2020learning,
  title={Learning to Actively Reduce Memory Requirements for Robot Control Tasks},
  author={Booker, Meghan and Majumdar, Anirudha},
  journal={arXiv preprint arXiv:2008.07451},
  year={2020}
}


@inproceedings{donti2017task,
  title={Task-based End-to-end Model Learning in Stochastic Optimization},
  author={Donti, Priya and Kolter, J Zico and Amos, Brandon},
  booktitle={Advances in Neural Information Processing Systems},
  pages={5488--5498},
  year={2017}
}

@dataset{hirise,
  author       = {Gary Doran and
                  Steven Lu and
                  Lukas Mandrake and
                  Kiri Wagstaff},
  title        = {{Mars orbital image (HiRISE) labeled data set 
                   version 3}},
  month        = jan,
  year         = 2019,
  publisher    = {Zenodo},
  version      = {3.0.0},
  doi          = {10.5281/zenodo.2538136},
  url          = {https://doi.org/10.5281/zenodo.2538136}
}

@article{tan2019efficientnet,
  title={Efficientnet: Rethinking model scaling for convolutional neural networks},
  author={Tan, Mingxing and Le, Quoc V},
  journal={arXiv preprint arXiv:1905.11946},
  year={2019}
}

@dataset{steven_lu_2020_3892024,
  author       = {Steven Lu and
                  Kiri L. Wagstaff},
  title        = {{MSL Curiosity Rover Images with Science and 
                   Engineering Classes}},
  month        = jun,
  year         = 2020,
  publisher    = {Zenodo},
  version      = {1.0.0},
  doi          = {10.5281/zenodo.3892024},
  url          = {https://doi.org/10.5281/zenodo.3892024}
}




@article{federated,
  title={Federated learning: Strategies for improving communication efficiency},
  author={Kone{\v{c}}n{\`y}, Jakub and McMahan, H Brendan and Yu, Felix X and Richt{\'a}rik, Peter and Suresh, Ananda Theertha and Bacon, Dave},
  journal={arXiv preprint arXiv:1610.05492},
  year={2016}
}


@article{MobileNets,
  author    = {Andrew G. Howard and
               Menglong Zhu and
               Bo Chen and
               Dmitry Kalenichenko and
               Weijun Wang and
               Tobias Weyand and
               Marco Andreetto and
               Hartwig Adam},
  title     = {MobileNets: Efficient Convolutional Neural Networks for Mobile Vision
               Applications},
  journal   = {CoRR},
  volume    = {abs/1704.04861},
  year      = {2017},
  url       = {http://arxiv.org/abs/1704.04861},
  archivePrefix = {arXiv},
  eprint    = {1704.04861},
  timestamp = {Wed, 07 Jun 2017 14:40:11 +0200},
  biburl    = {https://dblp.org/rec/bib/journals/corr/HowardZCKWWAA17},
  bibsource = {dblp computer science bibliography, https://dblp.org}
}




@article{ribeiro2006bandwidth,
	title={Bandwidth-constrained distributed estimation for wireless sensor networks-part I: Gaussian case},
	author={Ribeiro, Alejandro and Giannakis, Georgios B},
	journal={IEEE transactions on signal processing},
	volume={54},
	number={3},
	pages={1131--1143},
	year={2006},
	publisher={IEEE}
}

@article{luo2005universal,
	title={Universal decentralized estimation in a bandwidth constrained sensor network},
	author={Luo, Zhi-Quan},
	journal={IEEE Transactions on information theory},
	volume={51},
	number={6},
	pages={2210--2219},
	year={2005},
	publisher={IEEE}
}






@inproceedings {jiang2018mainstream,
	author = {Angela H. Jiang and Daniel L.-K. Wong and Christopher Canel and Lilia Tang and Ishan Misra and Michael Kaminsky and Michael A. Kozuch and Padmanabhan Pillai and David G. Andersen and Gregory R. Ganger},
	title = {Mainstream: Dynamic Stem-Sharing for Multi-Tenant Video Processing},
	booktitle = {2018 {USENIX} Annual Technical Conference ({USENIX} {ATC} 18)},
	year = {2018},
	isbn = {978-1-931971-44-7},
	address = {Boston, MA},
	pages = {29--42},
	url = {https://www.usenix.org/conference/atc18/presentation/jiang},
	publisher = {{USENIX} Association},
}

@inproceedings{jiang2018chameleon,
	title={Chameleon: scalable adaptation of video analytics},
	author={Jiang, Junchen and Ananthanarayanan, Ganesh and Bodik, Peter and Sen, Siddhartha and Stoica, Ion},
	booktitle={Proceedings of the 2018 Conference of the ACM Special Interest Group on Data Communication},
	pages={253--266},
	year={2018},
	organization={ACM}
}






@inproceedings{han2015learning,
  title={Learning both weights and connections for efficient neural network},
  author={Han, Song and Pool, Jeff and Tran, John and Dally, William},
  booktitle={Advances in neural information processing systems},
  pages={1135--1143},
  year={2015}
}


@article{lecun1998mnist,
  title={The MNIST database of handwritten digits},
  author={LeCun, Yann},
  journal={http://yann. lecun. com/exdb/mnist/}
}

@article{jonas2019cloud,
  title={Cloud programming simplified: A berkeley view on serverless computing},
  author={Jonas, Eric and Schleier-Smith, Johann and Sreekanti, Vikram and Tsai, Chia-Che and Khandelwal, Anurag and Pu, Qifan and Shankar, Vaishaal and Carreira, Joao and Krauth, Karl and Yadwadkar, Neeraja and others},
  journal={arXiv preprint arXiv:1902.03383},
  year={2019}
}




@article{autoencoder,
 author = {Vincent, Pascal and Larochelle, Hugo and Lajoie, Isabelle and Bengio, Yoshua and Manzagol, Pierre-Antoine},
 title = {Stacked Denoising Autoencoders: Learning Useful Representations in a Deep Network with a Local Denoising Criterion},
 journal = {J. Mach. Learn. Res.},
 issue_date = {3/1/2010},
 volume = {11},
 month = dec,
 year = {2010},
 issn = {1532-4435},
 pages = {3371--3408},
 numpages = {38},
 url = {http://dl.acm.org/citation.cfm?id=1756006.1953039},
 acmid = {1953039},
 publisher = {JMLR.org},
} 






@incollection{ichnowski2020cloud,
  title={Cloud-based motion plan computation for power-constrained robots},
  author={Ichnowski, Jeffrey and Prins, Jan and Alterovitz, Ron},
  booktitle={Algorithmic Foundations of Robotics XII},
  pages={96--111},
  year={2020},
  publisher={Springer}
}

@incollection{ichnowski2020economic,
  title={The Economic Case for Cloud-Based Computation for Robot Motion Planning},
  author={Ichnowski, Jeffrey and Prins, Jan and Alterovitz, Ron},
  booktitle={Robotics Research},
  pages={59--65},
  year={2020},
  publisher={Springer}
}



@inproceedings{konidaris2011value,
  title={Value function approximation in reinforcement learning using the Fourier basis.},
  author={Konidaris, George and Osentoski, Sarah and Thomas, Philip S},
  booktitle={AAAI},
  volume={6},
  pages={7},
  year={2011}
}

@article{ichnowskifog,
  title={Fog Robotics Algorithms for Distributed Motion Planning Using Lambda Serverless Computing},
  author={Ichnowski, Jeffrey and Lee, William and Murta, Victor and Paradis, Samuel and Alterovitz, Ron and Gonzalez, Joseph E and Stoica, Ion and Goldberg, Ken}
}




@inproceedings{kakade2002approximately,
  title={Approximately Optimal Approximate Reinforcement Learning},
  author={Kakade, Sham and Langford, John},
  booktitle={Proceedings of the Nineteenth International Conference on Machine Learning},
  pages={267--274},
  year={2002},
  organization={Morgan Kaufmann Publishers Inc.}
}


@article{glaubius2012real,
  title={Real-time scheduling via reinforcement learning},
  author={Glaubius, Robert and Tidwell, Terry and Gill, Christopher and Smart, William D},
  journal={arXiv preprint arXiv:1203.3481},
  year={2012}
}



@inproceedings{Gombolay:2016a,
  author = {Matthew Gombolay and Reed Jensen and Jessica Stigile and Sung-Hyun Son and Julie Shah},
  title = {Decision-Making Authority, Team Efficiency and Human Worker Satisfaction in Mixed Human-Robot Teams},
  booktitle = {Proceedings of the International Joint Conference on Artificial Intelligence ({IJCAI})},
  address = {New York City, NY, U.S.A.},
  month = {July 9-15},
  year = {2016}
}





@article{robustMPC,
  title={A control-theoretic approach for dynamic adaptive video streaming over http},
  author={Yin, Xiaoqi and Jindal, Abhishek and Sekar, Vyas and Sinopoli, Bruno},
  journal={ACM SIGCOMM Computer Communication Review},
  volume={45},
  number={4},
  pages={325--338},
  year={2015},
  publisher={ACM}
}


@book{MPC,
  title={Model predictive control},
  author={Camacho, Eduardo F and Alba, Carlos Bordons},
  year={2013},
  publisher={Springer Science \& Business Media}
}

@article{liebenwein2019provable,
  title={Provable filter pruning for efficient neural networks},
  author={Liebenwein, Lucas and Baykal, Cenk and Lang, Harry and Feldman, Dan and Rus, Daniela},
  journal={arXiv preprint arXiv:1911.07412},
  year={2019}
}

@article{baykal2018data,
  title={Data-dependent coresets for compressing neural networks with applications to generalization bounds},
  author={Baykal, Cenk and Liebenwein, Lucas and Gilitschenski, Igor and Feldman, Dan and Rus, Daniela},
  journal={arXiv preprint arXiv:1804.05345},
  year={2018}
}


