@String { aaai        = {AAAI Conference on Artificial Intelligence (AAAI)} }
@String { aamas       = {International Conference on Autonomous Agents and Multiagent Systems (AAMAS)} }
@String { acc         = {American Control Conference (ACC)} }
@String { aiaa_info   = {AIAA Infotech@Aerospace Conference} }
@String { aiaa_jacic  = {Journal of Aerospace Computing, Information, and Communication} }
@String { aiaa_mands  = {AIAA Modeling and Simulation Conference} }
@String { aiaa_nda    = {AIAA Non-Deterministic Approaches Conference} }
@String { allerton    = {Allerton Conference on Communication, Control, and Compution} }
@String { atcq        = {Air Traffic Control Quarterly} }
@String { atio        = {AIAA Aviation Technology, Integration, and Operations Conference (ATIO)} }
@String { atm         = {Air Traffic Management Research and Development Seminar} }
@String { cacm        = {Communications of the ACM} }
@String { cdc         = {IEEE Conference on Decision and Control (CDC)} }
@String { cvpr        = {IEEE Computer Society Conference on Computer Vision and Pattern Recognition (CVPR)} }
@String { dasc        = {Digital Avionics Systems Conference (DASC)} }
@String { ecml        = {European Conference on Machine Learning (ECML)} }
@String { gnc         = {AIAA Guidance, Navigation, and Control Conference (GNC)} }
@String { icaart      = {International Conference on Agents and Artificial Intelligence (ICAART)} }
@String { icaps       = {International Conference on Automated Planning and Scheduling (ICAPS)} }
@String { icassp      = {International Conference on Acoustics, Speech, and Signal Processing (ICASSP)} }
@String { icml        = {International Conference on Machine Learning (ICML)} }
@String { icmla       = {International Conference on Machine Learning and Applications (ICMLA)} }
@String { icra        = {IEEE International Conference on Robotics and Automation (ICRA)} }
@String { icslp       = {International Conference on Spoken Language Processing (ICSLP)} }
@String { cst     = {IEEE Transactions on Control Systems Technology} }
@String { tac     = {IEEE Transactions on Automatic Control} }
@String { tro     = {IEEE Transactions on Robotics} }
@String { tsp     = {IEEE Transactions on Signal Processing} }
@String { ijrr     = {International Journal of Robotics Research} }
@String { ijcai       = {International Joint Conference on Artificial Intelligence (IJCAI)} }
@String { interspeech = {Annual Conference of the International Speech Communication Association (INTERSPEECH)} }
@String { iros        = {IEEE/RSJ International Conference on Intelligent Robots and Systems (IROS)} }
@String { itsc        = {IEEE International Conference on Intelligent Transportation Systems (ITSC)} }
@String { iv          = {IEEE Intelligent Vehicles Symposium (IV)}}
@String { jair        = {Journal of Artificial Intelligence Research} }
@String { jais        = {Journal of Aerospace Information Systems} }
@String { jat         = {Journal of Air Transportation} }
@String { jgcd        = {Journal of Guidance, Control, and Dynamics} }
@String { jmlr        = {Journal of Machine Learning Research} }
@String { jota        = {Journal of Optimization Theory and Applications} }
@String { lion        = {Learning and Intelligent Optimization (LION)} }
@String { mit         = {Massachusetts Institute of Technology} }
@String { mitaa       = {Massachusetts Institute of Technology, Department of Aeronautics and Astronautics} }
@String { mitee       = {Massachusetts Institute of Technology, Department of Electrical Engineering and Computer Science} }
@String { mitme       = {Massachusetts Institute of Technology, Department of Mechanical Engineering} }
@String { ml          = {Machine Learning} }
@String { mor         = {Mathematics of Operations Research} }
@String { neurips        = {Advances in Neural Information Processing Systems (NeurIPS)} }
@String { or          = {Operations Research} }
@String { rss         = {Robotics: Science and Systems} }
@String { sigcomm     = {ACM Special Interest Group on Data Communication (SIGCOMM)} }
@String { sjo     = {SIAM Journal on Optimization} }
@String { suaa        = {Stanford University, Department of Aeronautics and Astronautics} }
@String { suee        = {Stanford University, Department of Electrical Engineering} }
@String { sume        = {Stanford University, Department of Mechanical Engineering} }
@String { tac         = {IEEE Transactions on Automatic Control} }
@String { tacas       = {International Conference on Tools and Algorithms for the Construction and Analysis of Systems (TACAS)} }
@String { taes        = {IEEE Transactions on Aerospace and Electronic Systems} }
@String { tsg        = {IEEE Transactions on Smart Grid} }
@String { uai         = {Conference on Uncertainty in Artificial Intelligence (UAI)} }
@String { wafr         = {Workshop on the Algorithmic Foundations of Robotics} }
@String { corl         = {Conference on Robot Learning} }

@inproceedings{geng2021decentralized,
  title={Decentralized Sharing and Valuation of Fleet Robotic Data},
  author={Geng, Yuchong and Zhang, Dongyue and Li, Po-Han and Akcin, Oguzhan and Tang, Ao and Chinchali, Sandeep},
  booktitle=corl,
  year={2021},
  address = {Online},
  month = nov,
  note={Blue Sky Track (Short Vision Paper)}
}

@article{chinchali2021network,
  title={Network offloading policies for cloud robotics: a learning-based approach},
  author={Chinchali, Sandeep and Sharma, Apoorva and Harrison, James and Elhafsi, Amine and Kang, Daniel and Pergament, Evgenya and Cidon, Eyal and Katti, Sachin and Pavone, Marco},
  journal={Autonomous Robots},
  pages={1--16},
  year={2021},
  publisher={Springer}
}

@article{nakanoya2022personalized,
  title={Personalized Federated Learning of Driver Prediction Models for Autonomous Driving},
  author={Nakanoya, Manabu and Im, Junha and Qiu, Hang and Katti, Sachin and Pavone, Marco and Chinchali, Sandeep},
  journal={Robotics and Automation Letters (under review)},
  year={2022}
}


@article{chinchali2018multi,
  title={Multi-objective optimal control for proactive decision making with temporal logic models},
  author={Chinchali, Sandeep and Livingston, Scott C and Chen, Mo and Pavone, Marco},
  journal=ijrr,
  year=2019
}



@inproceedings{lubars2020combining,
  title={Combining Reinforcement Learning with Model Predictive Control for On-Ramp Merging},
  author={Lubars, Joseph and Gupta, Harsh and Chinchali, Sandeep and Raja, Adnan and Srikant, R and Li, Liyun and Wu, Xinzhou},
  booktitle = itsc,
  year={2021},
  address = {Online},
  month = sept
}

@inproceedings{cheng2021data,
  title={Data Sharing and Compression for Cooperative Networked Control},
  author={Cheng, Jiangnan and Pavone, Marco and Katti, Sachin and Chinchali, Sandeep and Tang, Ao},
  booktitle = neurips,
  year={2021},
  address = {Online},
  month = dec
}

@inproceedings{ghosh2021interpretable,
  title={Interpretable Trade-offs Between Robot Task Accuracy and Compute Efficiency},
  author={Ghosh, Bineet and Chinchali, Sandeep and Duggirala, Parasara Sridhar},
  booktitle = iros,
  year={2021},
  address = {Online},
  month = sept
}


@inproceedings{nakanoya2021task,
  title={Co-Design of Communication and Machine Inference for Cloud Robotics},
  author={Nakanoya, Manabu and Chinchali, Sandeep and Anemogiannis, Alexandros and Datta, Akul and Katti, Sachin and Pavone, Marco},
  booktitle = rss,
  year = {2021},
  address = {Online},
  month = jun,
  url = {https://arxiv.org/abs/2011.03216},
}

@misc{uhanapatent,
  title={SYSTEM AND METHOD FOR WIDESCALE ADAPTIVE BITRATE SELECTION},
  author={Chu, Tianshu and Misra, Rakesh and Chinchali, Sandeep and Anemogiannis, Alexandros and Tandra, Rahul and Nagaraj, Kanthi},
  year={2020},
  month=mar # "~26",
  note={US Patent App. 16/582,089}
}


@inproceedings{MARL,
  author = {Chu, Tianshu and Chinchali, Sandeep and Katti,Sachin},
  title = {Multi-agent reinforcement learning for networked system control},
  booktitle = {{International Conference on Learning Representations (ICLR)}},
  year = {2020},
  address = {Addis Ababa, Ethiopia},
  month = apr,
}



@inproceedings{task,
  author = {Chinchali, Sandeep and Anemogiannis, Alex and Pavone, Marco},
  title = {Task-Specific Representations for Robotic Perception and Control: Applications to Cloud Robotics},
  booktitle={IEEE/RSJ International Conference on Intelligent Robots and Systems  (IROS): Workshop on Learning Representations for Planning and Control},
  year = {2019},
  address = {Macau, China},
}

@inproceedings{harvestnet,
  author = {Chinchali, Sandeep and Pergament, E. and Nakanoya, M. and Cidon, E. and Zhang, E. and Bharadia, D. and Pavone, M. and Katti, S.},
  title = {HarvestNet: Mining Valuable Training Data from High-Volume Robot Sensory Streams},
  booktitle={2020 International Symposium on Experimental Robotics (ISER)},
  year = {2020},
  address = {Valetta, Malta},
}

@inproceedings{ChinchaliSharmaEtAl2019,
  author = {Chinchali, Sandeep and Sharma, A. and Harrison, J. and Elhafsi, A. and Kang, D. and Pergament, E. and Cidon, E. and Katti, S. and Pavone, M.},
  title = {Network Offloading Policies for Cloud Robotics: a Learning-based Approach},
  booktitle = {{Robotics: Science and Systems}},
  year = {2019},
  address = {Freiburg im Breisgau, Germany},
  month = jun,
  url = {https://arxiv.org/pdf/1902.05703.pdf},
  owner = {apoorva},
  timestamp = {2019-02-07},
  note={\textit{Finalist for Best Student Paper and Best Systems Paper.}}
}

@inproceedings{hotnets,
    author = {Chinchali, Sandeep* and Cidon*, Eyal and Pergament*, Evgenya and Chu, Tianshu and Katti, Sachin},
    title = {Neural Networks Meet Physical Networks: Distributed Inference Between Edge Devices and the Cloud},
    booktitle = {Proceedings of the 17th ACM Workshop on Hot Topics in Networks},
    series = {HotNets '18},
    year = {2018},
    location = {Redmond, WA, USA},
    pages = {50--56},
}


@inproceedings{chinchali2018cellular,                                         
  title={Cellular Network Traffic Scheduling With Deep Reinforcement Learning}, 
  author={Chinchali, Sandeep and Hu, Pan and Chu, Tianshu and Sharma, Manu and Bansal, Manu and Misra, Rakesh and Pavone, Marco and Katti, Sachin},
  booktitle=aaai,
  year={2018},
  note={Oral Presentation [acceptance rate: 417/3800 (10.9\%)]}      
} 

@Inproceedings{ChinchaliLivingstonEtAl2017,                                   
author = {Chinchali, Sandeep and Livingston, S. C. and Pavone, M.},  
title = {Multi-objective optimal control for proactive decision-making with temporal logic models},
booktitle = {Proceedings of International Symposium on Robotics Research (ISRR)},
year = {2017},
address = {Puerto Varas, Chile},
} 

@article{guturu2016erosion,
  title={Erosion of conserved binding sites in personal genomes points to medical histories},
  author={Guturu, Harendra and Chinchali, Sandeep and Clarke, Shoa L and Bejerano, Gill},
  journal={PLoS Computational Biology},
  volume={12},
  number={2},
  pages={e1004711},
  year={2016},
  publisher={Public Library of Science}
}

@inproceedings{nagaraj2016numfabric,
  title={Numfabric: Fast and flexible bandwidth allocation in datacenters},
  author={Nagaraj, Kanthi and Bharadia, Dinesh and Mao, Hongzi and Chinchali, Sandeep and Alizadeh, Mohammad and Katti, Sachin},
  booktitle={Proceedings of the 2016 ACM SIGCOMM Conference},
  pages={188--201},
  year={2016},
  organization={ACM}
}

@inproceedings{chinchali2016simultaneous,
  title={Simultaneous model identification and task satisfaction in the presence of temporal logic constraints},
  author={Chinchali, Sandeep and Livingston, Scott C and Pavone, Marco and Burdick, Joel W},
  booktitle={2016 IEEE International Conference on Robotics and Automation (ICRA)},
  pages={3682--3689},
  year={2016},
  organization={IEEE}
}

@inproceedings{yap2013scheduling,
  title={Scheduling packets over multiple interfaces while respecting user preferences},
  author={Yap, Kok-Kiong and Huang, Te-Yuan and Yiakoumis, Yiannis and Chinchali, Sandeep and McKeown, Nick and Katti, Sachin},
  booktitle={Proceedings of the Ninth ACM Conference on Emerging Networking Experiments and Technologies},
  pages={109--120},
  year={2013},
  organization={ACM}
}

@inproceedings{chinchali2012towards,
  title={Towards formal synthesis of reactive controllers for dexterous robotic manipulation},
  author={Chinchali, Sandeep and Livingston, Scott C and Topcu, Ufuk and Burdick, Joel W and Murray, Richard M},
  booktitle={2012 IEEE International Conference on Robotics and Automation (ICRA)},
  pages={5183--5189},
  year={2012},
}

@inproceedings{abad2010axel,
  title={Axel rover paddle wheel design, efficiency, and sinkage on deformable terrain},
  author={Abad-Manterola, Pablo and Burdick, Joel W and Nesnas, Issa AD and Chinchali, Sandeep and Fuller, Christine and Zhou, Xuecheng},
  booktitle={2010 IEEE International Conference on Robotics and Automation (ICRA)},
  year={2010},
}


@misc{fridovich2019ilqgames,
  AUTHOR       = {Fridovich-Keil, David},
  YEAR         = {2019},
  TITLE        = {{ILQGames}: Iterative Linear-Quadratic Games},
 howpublished = {},
 month = {},
 keywords = {},
 summary = {},
 note = {}
}

@misc{fridovich2018fastrack,
  AUTHOR       = {Fridovich-Keil, David},
  YEAR         = {2018},
  TITLE        = {{FaSTrack}: Fast and Safe Tracking},
 howpublished = {},
 month = {},
 keywords = {},
 summary = {},
 note = {}
}


@article{laine2021computation,
  title={The Computation of Approximate Generalized Feedback Nash Equilibria},
  author={Laine, Forrest and Fridovich-Keil, David and Chiu, Chih-Yuan and Tomlin, Claire},
  journal={SIAM Journal on Optimization (under review)},
  year={2021}
}

@inproceedings{li2021augmented,
  title={Augmented Lagrangian Method for Instantaneously Constrained Reinforcement Learning Problems},
  author={Li, Jingqi and Fridovich-Keil, David and Sojoudi, Somayeh and Tomlin, Claire},
  booktitle=cdc,
  year={2021},
}

@inproceedings{peters2021inferring,
  title={Inferring Objectives in Continuous Dynamic Games from Noise-Corrupted Partial State Observations},
  author={Peters, Lasse and Fridovich-Keil, David and Rubies-Royo, Vicen\c{c} and Tomlin, Claire and Stachniss, Cyrill},
  booktitle=rss,
  year={2021},
}

@inproceedings{fridovich2021approximate,
  title={Approximate Solutions to a Class of Reachability Games},
  author={Fridovich-Keil, David and Tomlin, Claire J},
  booktitle=icra,
  year={2021}
}

@inproceedings{chiu2021encoding,
  title={Encoding Defensive Driving as a Dynamic Nash Game},
  author={Chiu*, Chih-Yuan and Fridovich-Keil*, David and Tomlin, Claire J},
  booktitle=icra,
  year={2021}
}

@inproceedings{laine2021multi,
  title={Multi-Hypothesis Interactions in Game-Theoretic Motion Planning},
  author={Laine, Forrest and Fridovich-Keil, David and Chiu, Chih-Yuan and Tomlin, Claire J},
  booktitle=icra,
  year={2021}
}

@article{rolf2020successive,
  title={A Successive-Elimination Approach to Adaptive Robotic Sensing},
  author={Rolf*, Esther and Fridovich-Keil*, David and Simchowitz, Max and Recht, Benjamin and Tomlin, Claire J},
  journal=tro,
  year={2020}
}

@inproceedings{westenbroek2020adaptive,
  title={Adaptive Control for Linearizable Systems Using On-Policy Reinforcement Learning},
  author={Westenbroek, Tyler and Mazumdar, Eric and Fridovich-Keil, David and Prabhu, Valmik and Tomlin, Claire J and Sastry, S Shankar},
  booktitle=cdc,
  year={2020},
}

@inproceedings{fridovich2020flat,
  title={An Iterative Quadratic Method for General-Sum Differential Games with Feedback Linearizable Dynamics},
  author={Fridovich-Keil*, David and Rubies-Royo*, Vicen\c{c} and Tomlin, Claire J},
  booktitle=icra,
  year={2020}
}

@inproceedings{fridovich2020efficient,
  title={Efficient Iterative Linear-Quadratic Approximations for Nonlinear Multi-Player General-Sum Differential Games},
  author={Fridovich-Keil, David and Ratner, Ellis and Peters, Lasse and Dragan, Anca D. and Tomlin, Claire J},
  booktitle=icra,
  year={2020}
}

@inproceedings{peters2020inference,
  title={Inference-Based Strategy Alignment for General-Sum Differential Games},
  author={Peters, Lasse and Fridovich-Keil, David and Tomlin, Claire J and Sunberg, Zachary},
  booktitle=aamas,
  year={2020}
}

@inproceedings{westenbroek2020learning,
  title={Feedback Linearization for Unknown Systems via Reinforcement Learning},
  author={Westenbroek*, Tyler and Fridovich-Keil*, David and Mazumdar*, Eric and Arora, Shreyas and Prabhu, Valmik and Sastry, S Shankar and Tomlin, Claire J},
  booktitle=icra,
  year={2020}
}

@article{dobbe2019towards,
  title={Towards Distributed Energy Services: Decentralizing Optimal Power Flow with Machine Learning},
  author={Dobbe, Roel and Sondermeijer, Oscar and Fridovich-Keil, David and Arnold, Daniel and Callaway, Duncan and Tomlin, Claire J},
  journal=tsg,
  year={2019}
}

@article{fridovich2019confidence,
  title={Confidence-aware motion prediction for real-time collision avoidance},
  author={Fridovich-Keil*, David and Bajcsy*, Andrea and Fisac, Jaime F and Herbert, Sylvia L and Wang, Steven and Dragan, Anca D and Tomlin, Claire J},
  journal=ijrr,
  year={2019}
}

@inproceedings{fisac2018probabilistically,
  title={Probabilistically Safe Robot Planning with Confidence-Based Human Predictions},
  author={Fisac*, Jaime F and Bajcsy*, Andrea and Herbert, Sylvia L and Fridovich-Keil, David and Wang, Steven and Tomlin, Claire J and Dragan, Anca D},
  booktitle=rss,
  year={2018}
}

@inproceedings{fridovich2018planning,
  title={Planning, fast and slow: A framework for adaptive real-time safe trajectory planning},
  author={Fridovich-Keil*, David and Herbert*, Sylvia L  and Fisac, Jaime F and Deglurkar, Sampada and Tomlin, Claire J},
  booktitle=icra,
  year={2018},
}

@inproceedings{royo2019a,
  title={A Classification-based Approach for Approximate Reachability},
  author={Rubies-Royo, Vicen\c{c} and Fridovich-Keil, David and Herbert, Sylvia L and Tomlin, Claire J},
  booktitle=icra,
  year={2019},
}

@inproceedings{bajcsy2019a,
  title={A Scalable Framework For Real-Time Multi-Robot, Multi-Human Collision Avoidance},
  author={Herbert*, Sylvia L and Bajcsy*, Andrea and Fridovich-Keil, David and Fisac, Jaime F and Deglurkar, Sampada and Dragan, Anca D and Tomlin, Claire J},
  booktitle=icra,
  year={2019},
}

@inproceedings{fridovich2019safely,
  title={Safely Probabilistically Complete Real-Time Planning and Exploration in Unknown Environments},
  author={Fridovich-Keil*, David and Fisac*, Jaime F and Tomlin, Claire J},
  booktitle=icra,
  year={2019}
}

@inproceedings{dobbe2017fully,
  title={Fully decentralized policies for multi-agent systems: An information theoretic approach},
  author={Dobbe*, Roel and Fridovich-Keil*, David and Tomlin, Claire J},
  booktitle=neurips,
  pages={2941--2950},
  year={2017}
}

@inproceedings{fridovich2017model,
  title={A model predictive control approach to flow pacing for {TCP}},
  author={Fridovich-Keil, David and Hanford, Nathan and Chapman, Margaret P and Tomlin, Claire J and Farrens, Matthew K and Ghosal, Dipak},
  booktitle=allerton,
  pages={988--994},
  year={2017},
}

@inproceedings{fridovich2017atommap,
  title={Atom{M}ap: A probabilistic amorphous {3D} map representation for robotics and surface reconstruction},
  author={Fridovich-Keil, David and Nelson, Erik and Zakhor, Avideh},
  booktitle=icra,
  pages={3110--3117},
  year={2017},
}
